
<record><leader>00892cam a2200277Ia 4500</leader><controlfield tag='001'>3</controlfield><controlfield tag='005'>20100616155532.0</controlfield><controlfield tag='008'>890815s1988    it       r    001 0 ita d</controlfield><datafield ind1=' ' ind2=' ' tag='035'><subfield code='a'>(OCoLC)ocm19590730</subfield></datafield><datafield ind1=' ' ind2=' ' tag='035'><subfield code='a'>(OCoLC)ocn301985443</subfield></datafield><datafield ind1=' ' ind2=' ' tag='035'><subfield code='a'>(NjP)3</subfield></datafield><datafield ind1=' ' ind2=' ' tag='035'><subfield code='a'>(CStRLIN)NJPGRRP-B</subfield></datafield><datafield ind1=' ' ind2=' ' tag='035'><subfield code='a'>(OCoLC)301985443</subfield></datafield><datafield ind1=' ' ind2=' ' tag='040'><subfield code='a'>IUL</subfield><subfield code='c'>IUL</subfield><subfield code='d'>OCL</subfield></datafield><datafield ind1=' ' ind2=' ' tag='035'><subfield code='a'>(OCoLC)19590730</subfield></datafield><datafield ind1=' ' ind2=' ' tag='043'><subfield code='a'>e-it---</subfield></datafield><datafield ind1=' ' ind2='4' tag='050'><subfield code='a'>Z342</subfield><subfield code='b'>.M47 1988</subfield></datafield><datafield ind1='1' ind2=' ' tag='100'><subfield code='a'>Messina, Claudio M.</subfield></datafield><datafield ind1='1' ind2='0' tag='245'><subfield code='a'>Guida ragionata alle librerie antiquarie e d&apos;occasione d&apos;Italia, 1989 /</subfield><subfield code='c'>Claudio M. Messina; con uno scritto di Umberto Eco.</subfield></datafield><datafield ind1=' ' ind2=' ' tag='250'><subfield code='a'>2. ed.</subfield></datafield><datafield ind1=' ' ind2=' ' tag='260'><subfield code='a'>Roma :</subfield><subfield code='b'>Biblioteca del Vascello, Stampa Alternativa,</subfield><subfield code='c'>1988.</subfield></datafield><datafield ind1=' ' ind2=' ' tag='300'><subfield code='a'>220 p. ;</subfield><subfield code='c'>17 cm.</subfield></datafield><datafield ind1=' ' ind2=' ' tag='500'><subfield code='a'>Includes index.</subfield></datafield><datafield ind1=' ' ind2='0' tag='650'><subfield code='a'>Booksellers and bookselling</subfield><subfield code='z'>Italy</subfield><subfield code='v'>Directories.</subfield></datafield><datafield ind1='4' ind2='2' tag='856'><subfield code='u'>http://d-nb.info/991834119/04</subfield><subfield code='3'>Inhaltsverzeichnis</subfield></datafield><datafield ind1=' ' ind2=' ' tag='999'><subfield code='a'>3</subfield></datafield><datafield ind1='0' ind2='0' tag='852'><subfield code='0'>3</subfield><subfield code='b'>rcppa</subfield><subfield code='t'>1</subfield><subfield code='h'>Z342</subfield><subfield code='i'>.M48 1988</subfield><subfield code='x'>tr fr f</subfield></datafield><datafield ind1='8' ind2='1' tag='852'><subfield code='0'>233918</subfield><subfield code='b'>rcppf</subfield><subfield code='t'>1</subfield><subfield code='h'>MICROFILM 11417</subfield><subfield code='x'>tr fr flm</subfield></datafield><datafield ind1=' ' ind2='0' tag='866'><subfield code='0'>233918</subfield><subfield code='6'>0</subfield><subfield code='z'>Positive service copy.</subfield></datafield><datafield ind1='0' ind2=' ' tag='852'><subfield code='0'>6083580</subfield><subfield code='b'>rcpxc</subfield><subfield code='h'>Z342</subfield><subfield code='i'>.M48 1988</subfield><subfield code='x'>tr fr ctsnrf</subfield></datafield><datafield ind1=' ' ind2=' ' tag='959'><subfield code='a'>2000-06-13 00:00:00 -0500</subfield></datafield></record>