
<record><leader>01404cas a2200325 a 4500</leader><controlfield tag='001'>321</controlfield><controlfield tag='005'>20110504105753.0</controlfield><controlfield tag='008'>801208c19789999couqr p   bc  0uuua0eng d</controlfield><datafield ind1=' ' ind2=' ' tag='035'><subfield code='a'>(OCoLC)7375602</subfield></datafield><datafield ind1=' ' ind2=' ' tag='035'><subfield code='a'>(CStRLIN)NJPG0815-S</subfield></datafield><datafield ind1=' ' ind2=' ' tag='035'><subfield code='9'>AAF4557TS</subfield></datafield><datafield ind1=' ' ind2=' ' tag='040'><subfield code='a'>NjP</subfield><subfield code='c'>NjP</subfield></datafield><datafield ind1='2' ind2=' ' tag='110'><subfield code='a'>World Data Center A for Glaciology.</subfield></datafield><datafield ind1='1' ind2='0' tag='245'><subfield code='a'>New accessions list /</subfield><subfield code='c'>World Data Center A for Glaciology [Snow and Ice].</subfield></datafield><datafield ind1=' ' ind2=' ' tag='260'><subfield code='a'>Boulder, Col. :</subfield><subfield code='b'>The Center,</subfield><subfield code='c'>1978-</subfield></datafield><datafield ind1=' ' ind2=' ' tag='300'><subfield code='a'>v. ;</subfield><subfield code='c'>22x28 cm.</subfield></datafield><datafield ind1='0' ind2=' ' tag='362'><subfield code='a'>No. 1 (Dec. 1978)-</subfield></datafield><datafield ind1=' ' ind2=' ' tag='550'><subfield code='a'>&quot;Operated for Environmental Data Service (later Environmental Data and Information Service) NOAA, by Cooperative Institute for Research in Environmental Sciences, University of Colorado.&quot;</subfield></datafield><datafield ind1=' ' ind2=' ' tag='500'><subfield code='a'>Description based on: No. 19 (Dec. 1983); title from caption.</subfield></datafield><datafield ind1='2' ind2='0' tag='610'><subfield code='a'>World Data Center A for Glaciology</subfield><subfield code='x'>Catalogs.</subfield></datafield><datafield ind1=' ' ind2='0' tag='650'><subfield code='a'>Glaciology</subfield><subfield code='x'>Bibliography</subfield><subfield code='x'>Catalogs.</subfield></datafield><datafield ind1=' ' ind2='0' tag='650'><subfield code='a'>Snow</subfield><subfield code='x'>Bibliography</subfield><subfield code='x'>Catalogs.</subfield></datafield><datafield ind1=' ' ind2='0' tag='650'><subfield code='a'>Ice</subfield><subfield code='x'>Bibliography</subfield><subfield code='x'>Catalogs.</subfield></datafield><datafield ind1='1' ind2=' ' tag='710'><subfield code='a'>United States.</subfield><subfield code='b'>Environmental Data and Information Service.</subfield></datafield><datafield ind1='1' ind2=' ' tag='710'><subfield code='a'>United States.</subfield><subfield code='b'>Environmental Data Service.</subfield></datafield><datafield ind1='2' ind2=' ' tag='710'><subfield code='a'>University of Colorado, Boulder.</subfield><subfield code='b'>Cooperative Institute for Research in Environmental Sciences.</subfield></datafield><datafield ind1=' ' ind2=' ' tag='998'><subfield code='a'>02/02/90</subfield><subfield code='s'>9114</subfield><subfield code='n'>NjP</subfield><subfield code='w'>NJPG0815S</subfield><subfield code='d'>10/05/81</subfield><subfield code='c'>APG</subfield><subfield code='b'>EE</subfield><subfield code='i'>900202</subfield><subfield code='l'>NJPG</subfield></datafield><datafield ind1=' ' ind2=' ' tag='948'><subfield code='a'>AACR2 CONV.</subfield></datafield><datafield ind1=' ' ind2=' ' tag='911'><subfield code='a'>19921028</subfield></datafield><datafield ind1=' ' ind2=' ' tag='912'><subfield code='a'>19951211061438.0</subfield></datafield><datafield ind1='0' ind2='1' tag='852'><subfield code='0'>356</subfield><subfield code='b'>scidoc</subfield><subfield code='t'>1</subfield><subfield code='h'>Z6033.G5</subfield><subfield code='i'>xW6</subfield></datafield><datafield ind1=' ' ind2='0' tag='866'><subfield code='0'>356</subfield><subfield code='8'>0</subfield><subfield code='a'>No. 1 (Dec. 1978)-no. 26;  no. 30-no. 65/68 (Jan.-Dec. 1995)</subfield></datafield><datafield ind1=' ' ind2='0' tag='866'><subfield code='0'>356</subfield><subfield code='8'>0</subfield><subfield code='x'>DESIGNATOR: no.</subfield></datafield><datafield ind1=' ' ind2=' ' tag='959'><subfield code='a'>2003-08-01 14:44:00 -0500</subfield></datafield></record>