
<record><leader>01876cam a22003735a 4500</leader><controlfield tag='001'>4726573</controlfield><controlfield tag='005'>20060511125033.0</controlfield><controlfield tag='008'>060509s1774    mau           000 0 eng d</controlfield><datafield ind1=' ' ind2=' ' tag='040'><subfield code='a'>MWA</subfield><subfield code='c'>MWA</subfield><subfield code='d'>Cu-RivES</subfield><subfield code='d'>CStRLIN</subfield><subfield code='d'>Thomson Gale</subfield><subfield code='d'>NjP</subfield></datafield><datafield ind1=' ' ind2=' ' tag='043'><subfield code='a'>n-us-ma</subfield></datafield><datafield ind1='1' ind2=' ' tag='100'><subfield code='a'>Hancock, John,</subfield><subfield code='d'>1737-1793.</subfield></datafield><datafield ind1='1' ind2='3' tag='245'><subfield code='a'>An oration; delivered March 5, 1774,</subfield><subfield code='b'>at the request of the inhabitants of the town of Boston: to commemorate the bloody tragedy of the fifth of March 1770. By the Honorable John Hancock, Esq; [Five lines in Latin from Virgil].</subfield></datafield><datafield ind1=' ' ind2=' ' tag='260'><subfield code='a'>Boston :</subfield><subfield code='b'>Printed by Edes and Gill, in Queen Street,</subfield><subfield code='c'>M,DCC,LXXIV. [1774]</subfield></datafield><datafield ind1=' ' ind2=' ' tag='300'><subfield code='a'>20, [2] p. ;</subfield><subfield code='c'>25.5 x 20 cm. (fol.)</subfield></datafield><datafield ind1=' ' ind2=' ' tag='500'><subfield code='a'>This catalogue record is derived in large part from a record for an electronic reproduction.</subfield></datafield><datafield ind1=' ' ind2=' ' tag='500'><subfield code='a'>Half-title: An oration delivered March fifth, 1774.</subfield></datafield><datafield ind1=' ' ind2=' ' tag='500'><subfield code='a'>Authorship of the oration has been attributed to Samuel Adams, to Benjamin Church and Joseph Warren, and to Samuel Cooper. See T.R. Adams, who notes &quot;In all probability a number of Boston radicals had a hand in its composition.&quot; -.</subfield></datafield><datafield ind1='4' ind2=' ' tag='510'><subfield code='a'>Sabin</subfield><subfield code='c'>30177</subfield></datafield><datafield ind1='4' ind2=' ' tag='510'><subfield code='a'>Church</subfield><subfield code='c'>1104</subfield></datafield><datafield ind1='4' ind2=' ' tag='510'><subfield code='a'>Evans,</subfield><subfield code='c'>13314</subfield></datafield><datafield ind1='4' ind2=' ' tag='510'><subfield code='a'>Adams, T.R. Amer. pamphlets,</subfield><subfield code='c'>117a</subfield></datafield><datafield ind1='4' ind2=' ' tag='510'><subfield code='a'>English Short Title Catalog,</subfield><subfield code='c'>ESTCW21489.</subfield></datafield><datafield ind1=' ' ind2=' ' tag='561'><subfield code='a'>WHS copy acquired 3/13/29 from Goodspeed; inv. 616.</subfield><subfield code='5'>NjP</subfield></datafield><datafield ind1=' ' ind2=' ' tag='583'><subfield code='x'>mlc</subfield></datafield><datafield ind1=' ' ind2='0' tag='650'><subfield code='a'>Boston Massacre, 1770</subfield><subfield code='x'>Anniversaries, etc.</subfield></datafield><datafield ind1=' ' ind2='0' tag='651'><subfield code='a'>United States</subfield><subfield code='x'>History</subfield><subfield code='y'>Revolution, 1775-1783</subfield><subfield code='x'>Causes.</subfield></datafield><datafield ind1='1' ind2=' ' tag='700'><subfield code='a'>Cooper, Samuel,</subfield><subfield code='d'>1725-1783.</subfield><subfield code='4'>aut</subfield></datafield><datafield ind1='1' ind2=' ' tag='700'><subfield code='a'>Warren, Joseph,</subfield><subfield code='d'>1741-1775.</subfield><subfield code='4'>aut</subfield></datafield><datafield ind1='1' ind2=' ' tag='700'><subfield code='a'>Church, Benjamin,</subfield><subfield code='d'>1734-1778.</subfield><subfield code='4'>aut</subfield></datafield><datafield ind1='1' ind2=' ' tag='700'><subfield code='a'>Adams, Samuel,</subfield><subfield code='d'>1722-1803.</subfield><subfield code='4'>aut</subfield></datafield><datafield ind1='2' ind2=' ' tag='710'><subfield code='a'>Edes and Gill,</subfield><subfield code='e'>printer.</subfield></datafield><datafield ind1='1' ind2=' ' tag='710'><subfield code='a'>Boston (Mass.).</subfield></datafield><datafield ind1='2' ind2=' ' tag='710'><subfield code='a'>Goodspeed&apos;s Book Shop (Boston, Mass.),</subfield><subfield code='e'>bookseller.</subfield><subfield code='5'>NjP</subfield></datafield><datafield ind1=' ' ind2=' ' tag='902'><subfield code='a'>mrf</subfield><subfield code='b'>m</subfield><subfield code='6'>a</subfield><subfield code='7'>m</subfield><subfield code='d'>v</subfield><subfield code='f'>1</subfield><subfield code='e'>20060509</subfield></datafield><datafield ind1='8' ind2=' ' tag='852'><subfield code='0'>4948236</subfield><subfield code='b'>whs</subfield><subfield code='t'>1</subfield><subfield code='h'>16.5.14</subfield></datafield><datafield ind1='8' ind2=' ' tag='852'><subfield code='0'>6723611</subfield><subfield code='b'>hsvr</subfield><subfield code='c'>EX</subfield><subfield code='h'>Lapidus 2.28</subfield></datafield><datafield ind1=' ' ind2=' ' tag='959'><subfield code='a'>2012-03-16 14:59:12 -0500</subfield></datafield></record>