
<record><leader>01185cam a2200253 a 4500</leader><controlfield tag='001'>430472</controlfield><controlfield tag='005'>20130613140316.0</controlfield><controlfield tag='008'>880111m19879999jo       b    00110 ara d</controlfield><datafield ind1=' ' ind2=' ' tag='035'><subfield code='a'>(OCoLC)31214190</subfield></datafield><datafield ind1=' ' ind2=' ' tag='035'><subfield code='a'>(CStRLIN)NJPG88-B1222</subfield></datafield><datafield ind1=' ' ind2=' ' tag='035'><subfield code='9'>ACA6068TS</subfield></datafield><datafield ind1=' ' ind2=' ' tag='040'><subfield code='a'>NjP</subfield><subfield code='c'>NjP</subfield><subfield code='d'>NjP</subfield></datafield><datafield ind1='0' ind2='3' tag='245'><subfield code='a'>al-Fihris al-shāmil lil-turāth al-ʻArabī al-Islāmī al-makhṭūṭ.</subfield><subfield code='p'>ʻUlūm al-Qurʼān.</subfield><subfield code='p'>Makhṭūṭāt al-tafsīr /</subfield><subfield code='c'>Muʼassasat Āl al-Bayt, al-Majmaʻ al-Malakī li-Buḥūth al-Ḥaḍārah al-Islāmīyah.</subfield></datafield><datafield ind1=' ' ind2=' ' tag='260'><subfield code='a'>ʻAmmān :</subfield><subfield code='b'>al-Muʼassasah,</subfield><subfield code='c'>1987-</subfield></datafield><datafield ind1=' ' ind2=' ' tag='300'><subfield code='a'>v. ;</subfield><subfield code='c'>24 cm.</subfield></datafield><datafield ind1='1' ind2=' ' tag='490'><subfield code='a'>Manshūrāt al-Majmaʻ al-Malakī li-Buḥūth al-Ḥaḍārah al-Islāmīyah ;</subfield><subfield code='v'>raqm 83-</subfield></datafield><datafield ind1=' ' ind2=' ' tag='500'><subfield code='a'>Vol. [13]: Index.</subfield></datafield><datafield ind1='0' ind2='0' tag='630'><subfield code='a'>Qurʼan</subfield><subfield code='x'>Criticism, interpretation, etc.</subfield><subfield code='x'>Manuscripts</subfield><subfield code='x'>Catalogs.</subfield></datafield><datafield ind1=' ' ind2='0' tag='650'><subfield code='a'>Manuscripts, Arabic</subfield><subfield code='x'>Catalogs.</subfield></datafield><datafield ind1='2' ind2=' ' tag='710'><subfield code='a'>Royal Academy for Islamic Civilization Research.</subfield></datafield><datafield ind1=' ' ind2='0' tag='830'><subfield code='a'>Manshūrāt al-Majmaʻ al-Malakī li-Buḥūth al-Ḥaḍārah al-Islāmīyah ;</subfield><subfield code='v'>raqm 83, etc.</subfield></datafield><datafield ind1=' ' ind2=' ' tag='998'><subfield code='a'>11/03/94</subfield><subfield code='s'>9118</subfield><subfield code='n'>NjP</subfield><subfield code='w'>NJPG88B1222</subfield><subfield code='d'>01/11/88</subfield><subfield code='c'>KVV</subfield><subfield code='b'>NHT</subfield><subfield code='i'>941103</subfield><subfield code='l'>NJPG</subfield></datafield><datafield ind1=' ' ind2=' ' tag='911'><subfield code='a'>19941111</subfield></datafield><datafield ind1=' ' ind2=' ' tag='912'><subfield code='a'>19941103000000.0</subfield></datafield><datafield ind1='0' ind2='1' tag='852'><subfield code='0'>469105</subfield><subfield code='b'>nec</subfield><subfield code='t'>1</subfield><subfield code='h'>Z6611.T3F545 1987</subfield></datafield><datafield ind1=' ' ind2='0' tag='866'><subfield code='0'>469105</subfield><subfield code='8'>0</subfield><subfield code='a'>juzʼ 1-6, 8-13</subfield></datafield><datafield ind1=' ' ind2='0' tag='866'><subfield code='0'>469105</subfield><subfield code='8'>0</subfield><subfield code='x'>ADD AS:juzʼ</subfield></datafield><datafield ind1='0' ind2='0' tag='852'><subfield code='0'>469106</subfield><subfield code='b'>sne</subfield><subfield code='t'>1</subfield><subfield code='h'>Z6611.T3F545 1987</subfield></datafield><datafield ind1=' ' ind2=' ' tag='959'><subfield code='a'>2000-06-13 00:00:00 -0500</subfield></datafield></record>