
<record><leader>01359cam a2200301   4500</leader><controlfield tag='001'>4887523</controlfield><controlfield tag='005'>20120529143145.0</controlfield><controlfield tag='008'>950327s1923    pl            000 0 heb d</controlfield><datafield ind1=' ' ind2=' ' tag='035'><subfield code='a'>(OCoLC)76954756</subfield></datafield><datafield ind1=' ' ind2=' ' tag='035'><subfield code='a'>(CStRLIN)MABX95-B758</subfield></datafield><datafield ind1=' ' ind2=' ' tag='040'><subfield code='a'>MWalB</subfield><subfield code='c'>MWalB</subfield><subfield code='d'>CStRLIN</subfield><subfield code='d'>NjP</subfield></datafield><datafield ind1=' ' ind2='4' tag='050'><subfield code='a'>BM198</subfield><subfield code='b'>.R324 1923</subfield></datafield><datafield ind1=' ' ind2=' ' tag='066'><subfield code='c'>(2</subfield></datafield><datafield ind1='1' ind2=' ' tag='100'><subfield code='6'>880-01</subfield><subfield code='a'>Rabinowich, Solomon,</subfield><subfield code='c'>ha-Kohen,</subfield><subfield code='d'>1803-1866.</subfield></datafield><datafield ind1='1' ind2='0' tag='240'><subfield code='a'>Nifleʾot ha-Tifʾeret Shelomoh</subfield></datafield><datafield ind1='1' ind2='0' tag='245'><subfield code='6'>880-02</subfield><subfield code='a'>Sefer Nifleʾot ha-Tifʾeret Shelomoh :</subfield><subfield code='b'>ha-kolel torot, ḥokhmot, agadot, śiḥot... /</subfield><subfield code='c'>mi-kevod Shelomoh ha-Kohen a.b.d. ḳ. Radomsḳ = Sefer Nifloes-hatiferes-Szloma.</subfield></datafield><datafield ind1='3' ind2='0' tag='246'><subfield code='a'>Nifleʾot ha-Tifʾeret Shelomoh</subfield></datafield><datafield ind1='3' ind2='1' tag='246'><subfield code='a'>Sefer Nifloes-hatiferes-Szloma</subfield></datafield><datafield ind1='3' ind2=' ' tag='246'><subfield code='a'>Nifloes-hatiferes-Szloma</subfield></datafield><datafield ind1=' ' ind2=' ' tag='260'><subfield code='6'>880-03</subfield><subfield code='a'>Piotrkowie :</subfield><subfield code='b'>Defus Ḳornendz ṿe-Rozenblad,</subfield><subfield code='c'>1923.</subfield></datafield><datafield ind1=' ' ind2=' ' tag='300'><subfield code='a'>102 p. ;</subfield><subfield code='c'>24 cm.</subfield></datafield><datafield ind1=' ' ind2=' ' tag='500'><subfield code='a'>&quot;Ḥeleḳ 1&quot;-- No more published?</subfield></datafield><datafield ind1=' ' ind2='0' tag='650'><subfield code='a'>Hasidism.</subfield></datafield><datafield ind1='1' ind2=' ' tag='880'><subfield code='6'>100-01/(2/r</subfield><subfield code='a'>שלמה בן דב צבי,</subfield><subfield code='c'>הכהן,</subfield><subfield code='c'>מרדומסק,</subfield><subfield code='d'>נפ׳ 1866.</subfield></datafield><datafield ind1='1' ind2='0' tag='880'><subfield code='6'>245-02/(2/r</subfield><subfield code='a'>ספר נפלאות התפארת שלמה :</subfield><subfield code='b'>... תורות, חכמות, אגדות, שיחות ... /</subfield><subfield code='c'>שלמה הכהן אבד״ק ראדאמסק.</subfield></datafield><datafield ind1=' ' ind2=' ' tag='880'><subfield code='6'>260-03/(2/r</subfield><subfield code='a'>פיעטרקוב :</subfield><subfield code='b'>[חמו״ל],</subfield><subfield code='c'>1923.</subfield></datafield><datafield ind1=' ' ind2=' ' tag='904'><subfield code='a'>rs</subfield><subfield code='b'>g</subfield><subfield code='h'>m</subfield><subfield code='c'>b</subfield><subfield code='e'>20061018</subfield></datafield><datafield ind1=' ' ind2=' ' tag='902'><subfield code='a'>rs</subfield><subfield code='b'>m</subfield><subfield code='6'>a</subfield><subfield code='7'>m</subfield><subfield code='d'>v</subfield><subfield code='f'>1</subfield><subfield code='e'>20061018</subfield></datafield><datafield ind1='0' ind2=' ' tag='852'><subfield code='0'>5084594</subfield><subfield code='b'>rcppa</subfield><subfield code='h'>BM198</subfield><subfield code='i'>.R324 1923</subfield></datafield><datafield ind1=' ' ind2=' ' tag='959'><subfield code='a'>2006-10-18 11:35:38 -0500</subfield></datafield></record>