
<record><leader>02222cjm a2200541 a 4500</leader><controlfield tag='001'>4687191</controlfield><controlfield tag='005'>20060315183239.0</controlfield><controlfield tag='007'>sd bmmennmplu-</controlfield><controlfield tag='008'>850503p19841970fr opn   z          fre  </controlfield><datafield ind1=' ' ind2=' ' tag='010'><subfield code='a'>   85751820 </subfield></datafield><datafield ind1=' ' ind2=' ' tag='035'><subfield code='a'>(OCoLC)ocm10663999</subfield></datafield><datafield ind1=' ' ind2=' ' tag='040'><subfield code='a'>DLC</subfield><subfield code='c'>DLC</subfield><subfield code='d'>MUQ</subfield><subfield code='d'>OCLCQ</subfield></datafield><datafield ind1=' ' ind2=' ' tag='019'><subfield code='a'>15641274</subfield></datafield><datafield ind1='0' ind2='0' tag='028'><subfield code='a'>BG 2012</subfield><subfield code='b'>Bourg Records</subfield></datafield><datafield ind1='0' ind2='0' tag='028'><subfield code='a'>BG 2013</subfield><subfield code='b'>Bourg Records</subfield></datafield><datafield ind1='1' ind2=' ' tag='033'><subfield code='a'>19700225</subfield><subfield code='a'>19700227</subfield></datafield><datafield ind1='0' ind2=' ' tag='041'><subfield code='d'>fre</subfield><subfield code='b'>engfreger</subfield></datafield><datafield ind1='1' ind2='0' tag='050'><subfield code='a'>M1500</subfield></datafield><datafield ind1='1' ind2=' ' tag='100'><subfield code='a'>Offenbach, Jacques,</subfield><subfield code='d'>1819-1880.</subfield></datafield><datafield ind1='1' ind2='0' tag='245'><subfield code='a'>Geneviève de Brabant</subfield><subfield code='h'>[sound recording] /</subfield><subfield code='c'>musique de Jacques Offenbach ; paroles de Hector Crémieux et Etienne Tréfeu.</subfield></datafield><datafield ind1=' ' ind2=' ' tag='260'><subfield code='a'>Paris :</subfield><subfield code='b'>Bourg Records ;</subfield><subfield code='a'>N[ew] Y[ork] :</subfield><subfield code='b'>Distributed by Qualiton Imports,</subfield><subfield code='c'>1984.</subfield></datafield><datafield ind1=' ' ind2=' ' tag='300'><subfield code='a'>2 sound discs :</subfield><subfield code='b'>analog, 33 1/3 rpm, mono. ;</subfield><subfield code='c'>12 in.</subfield></datafield><datafield ind1='1' ind2=' ' tag='490'><subfield code='a'>Collection Bourg Offenbach</subfield></datafield><datafield ind1='1' ind2=' ' tag='490'><subfield code='a'>Collection Archives</subfield></datafield><datafield ind1=' ' ind2=' ' tag='500'><subfield code='a'>Bourg Records: BG 2012--BG 2013.</subfield></datafield><datafield ind1=' ' ind2=' ' tag='500'><subfield code='a'>Opera in 3 acts.</subfield></datafield><datafield ind1='0' ind2=' ' tag='511'><subfield code='a'>Annik Simon ; Monique Stiot ; Bernard Plantey ; René Terrasson ; Jean-Christophe Benoit ; Jacques Tharande ; with supporting soloists ; chorus ; Orchestre lyrique radio et télévision française ; Marcel Cariven, conductor.</subfield></datafield><datafield ind1=' ' ind2=' ' tag='518'><subfield code='a'>Recorded Feb. 25 and 27, 1970.</subfield></datafield><datafield ind1=' ' ind2=' ' tag='500'><subfield code='a'>Distributor from label on container.</subfield></datafield><datafield ind1=' ' ind2=' ' tag='500'><subfield code='a'>Synopsis in English, French, and German on container.</subfield></datafield><datafield ind1=' ' ind2='0' tag='650'><subfield code='a'>Operas.</subfield></datafield><datafield ind1=' ' ind2='0' tag='650'><subfield code='a'>Geneviève, of Brabant</subfield><subfield code='v'>Drama.</subfield></datafield><datafield ind1='0' ind2='6' tag='600'><subfield code='a'>Geneviève,</subfield><subfield code='c'>de Brabant</subfield><subfield code='v'>Théâtre.</subfield></datafield><datafield ind1=' ' ind2='6' tag='650'><subfield code='a'>Opéras</subfield><subfield code='y'>19e siècle.</subfield></datafield><datafield ind1='1' ind2=' ' tag='700'><subfield code='a'>Crémieux, Hector Jonathan,</subfield><subfield code='d'>1828-1892.</subfield><subfield code='4'>lbt</subfield></datafield><datafield ind1='1' ind2=' ' tag='700'><subfield code='a'>Tréfeu, Etienne.</subfield><subfield code='4'>lbt</subfield></datafield><datafield ind1='1' ind2=' ' tag='700'><subfield code='a'>Simon, Annik.</subfield><subfield code='4'>prf</subfield></datafield><datafield ind1='1' ind2=' ' tag='700'><subfield code='a'>Stiot, Monique.</subfield><subfield code='4'>prf</subfield></datafield><datafield ind1='1' ind2=' ' tag='700'><subfield code='a'>Plantey, Bernard.</subfield><subfield code='4'>prf</subfield></datafield><datafield ind1='1' ind2=' ' tag='700'><subfield code='a'>Terrasson, René.</subfield><subfield code='4'>prf</subfield></datafield><datafield ind1='1' ind2=' ' tag='700'><subfield code='a'>Benoit, Jean-Christophe.</subfield><subfield code='4'>prf</subfield></datafield><datafield ind1='1' ind2=' ' tag='700'><subfield code='a'>Tharande, Jacques.</subfield><subfield code='4'>prf</subfield></datafield><datafield ind1='1' ind2=' ' tag='700'><subfield code='a'>Cariven, Marcel.</subfield><subfield code='4'>cnd</subfield></datafield><datafield ind1='2' ind2=' ' tag='710'><subfield code='a'>Orchestre lyrique de la R.T.F.</subfield><subfield code='4'>prf</subfield></datafield><datafield ind1='1' ind2=' ' tag='800'><subfield code='a'>Offenbach, Jacques,</subfield><subfield code='d'>1819-1880.</subfield><subfield code='t'>Operas.</subfield><subfield code='k'>Selections (Bourg)</subfield></datafield><datafield ind1=' ' ind2='0' tag='830'><subfield code='a'>Collection Archives (Institut national de la communication audiovisuelle (France))</subfield></datafield><datafield ind1=' ' ind2=' ' tag='994'><subfield code='a'>Z0</subfield><subfield code='b'>PUL</subfield></datafield><datafield ind1=' ' ind2=' ' tag='902'><subfield code='a'>jps</subfield><subfield code='b'>l</subfield><subfield code='6'>j</subfield><subfield code='7'>m</subfield><subfield code='d'>v</subfield><subfield code='f'>1</subfield><subfield code='e'>20060315</subfield></datafield><datafield ind1='8' ind2=' ' tag='852'><subfield code='0'>4915801</subfield><subfield code='b'>rcpqk</subfield><subfield code='h'>LS- 11479</subfield><subfield code='x'>tr fr mus</subfield></datafield><datafield ind1=' ' ind2=' ' tag='959'><subfield code='a'>2006-03-15 18:32:11 -0500</subfield></datafield></record>