
<record><leader>01770ctm a2200337 a 4500</leader><controlfield tag='001'>3512354</controlfield><controlfield tag='005'>20150501145131.0</controlfield><controlfield tag='008'>020131s0990    enk           000 0 ang d</controlfield><datafield ind1=' ' ind2=' ' tag='040'><subfield code='a'>NjP</subfield><subfield code='c'>NjP</subfield><subfield code='e'>amremm</subfield></datafield><datafield ind1=' ' ind2=' ' tag='043'><subfield code='a'>n-us-nj</subfield></datafield><datafield ind1='0' ind2=' ' tag='100'><subfield code='a'>Aethelgifu.</subfield></datafield><datafield ind1='1' ind2='0' tag='245'><subfield code='a'>[Will of Aethelgifu].</subfield></datafield><datafield ind1=' ' ind2=' ' tag='260'><subfield code='c'>[ca. 990]</subfield></datafield><datafield ind1=' ' ind2=' ' tag='300'><subfield code='a'>1 leaf :</subfield><subfield code='b'>parchment,</subfield><subfield code='c'>560 x 350 mm.</subfield></datafield><datafield ind1=' ' ind2=' ' tag='340'><subfield code='e'>in case, mounted between plexiglass.</subfield></datafield><datafield ind1='0' ind2=' ' tag='520'><subfield code='a'>Ms. will.</subfield></datafield><datafield ind1=' ' ind2=' ' tag='546'><subfield code='a'>Text in Anglo-Saxon.</subfield></datafield><datafield ind1=' ' ind2=' ' tag='500'><subfield code='a'>Origin: Written in England, probably at the Abbey of St. Albans, ca. 990.</subfield></datafield><datafield ind1=' ' ind2=' ' tag='524'><subfield code='a'>Scheide Library, Princeton University. M 140.</subfield></datafield><datafield ind1=' ' ind2=' ' tag='561'><subfield code='a'>Belonged to the Abbey of St. Albans in the 12th century; belonged to Sir Matthew Hale in the 17th century who probably received it from John Selden; purchased by William H. Scheide through H. P. Kraus at Sotheby&apos;s, Dec. 10, 1969.</subfield></datafield><datafield ind1=' ' ind2=' ' tag='530'><subfield code='a'>Photoreproduced facsimile version;</subfield><subfield code='b'>Published as The Will of Aethelgifu : a tenth century Anglo-Saxon manuscript / translated and examined by Dorothy Whitelock, with a note on the document by Neil Ker, and analyses of the properties, livestock and chattels concerned by Lord Rennell. Oxford : Printed for presentation to the members of the Roxburghe Club by Oxford U.P., 1968.</subfield></datafield><datafield ind1=' ' ind2='0' tag='650'><subfield code='a'>Manuscripts, English (Old)</subfield><subfield code='z'>New Jersey</subfield><subfield code='z'>Princeton.</subfield></datafield><datafield ind1=' ' ind2='7' tag='655'><subfield code='a'>Wills</subfield><subfield code='z'>England</subfield><subfield code='y'>10th century.</subfield><subfield code='2'>aat</subfield></datafield><datafield ind1=' ' ind2='7' tag='655'><subfield code='a'>Parchment.</subfield><subfield code='2'>aat</subfield></datafield><datafield ind1='1' ind2=' ' tag='700'><subfield code='a'>Selden, John,</subfield><subfield code='d'>1584-1654,</subfield><subfield code='e'>former owner.</subfield></datafield><datafield ind1='1' ind2=' ' tag='700'><subfield code='a'>Hale, Matthew,</subfield><subfield code='d'>1609-1676,</subfield><subfield code='e'>former owner.</subfield></datafield><datafield ind1='1' ind2=' ' tag='700'><subfield code='a'>Scheide, William H.</subfield><subfield code='q'>(William Hurd),</subfield><subfield code='d'>1914-2014,</subfield><subfield code='e'>former owner.</subfield></datafield><datafield ind1='2' ind2=' ' tag='710'><subfield code='a'>St. Albans Abbey.</subfield></datafield><datafield ind1='2' ind2=' ' tag='710'><subfield code='a'>H.P. Kraus (Firm),</subfield><subfield code='e'>bookseller.</subfield></datafield><datafield ind1='4' ind2='1' tag='856'><subfield code='u'>http://arks.princeton.edu/ark:/88435/5t34sk87c</subfield></datafield><datafield ind1=' ' ind2=' ' tag='902'><subfield code='a'>tb</subfield><subfield code='b'>o</subfield><subfield code='6'>t</subfield><subfield code='7'>m</subfield><subfield code='d'>v</subfield><subfield code='f'>1</subfield><subfield code='e'>20020131</subfield></datafield><datafield ind1='8' ind2=' ' tag='852'><subfield code='0'>3834040</subfield><subfield code='b'>whs</subfield><subfield code='h'>Scheide M140</subfield></datafield><datafield ind1='8' ind2=' ' tag='852'><subfield code='0'>8312397</subfield><subfield code='b'>elf1</subfield><subfield code='h'>Electronic Resource</subfield></datafield><datafield ind1=' ' ind2=' ' tag='959'><subfield code='a'>2002-01-31 08:05:46 -0500</subfield></datafield></record>