
<record><leader>00635cem a22001455a 4500</leader><controlfield tag='001'>5148991</controlfield><controlfield tag='005'>20140904131302.0</controlfield><controlfield tag='008'>070328 2006                             </controlfield><datafield ind1='0' ind2='0' tag='245'><subfield code='a'>Aerial photography of New York City, January-March 2006 :</subfield><subfield code='b'>covering NYC area (five boroughs); weather conditions prevented a continuous flight</subfield><subfield code='h'>[map].</subfield></datafield><datafield ind1='0' ind2='0' tag='246'><subfield code='a'>Aerial photography of NYC, January-March 2006.</subfield></datafield><datafield ind1='3' ind2=' ' tag='246'><subfield code='a'>Digital aerial photography of New York City, January-March 2006</subfield></datafield><datafield ind1='3' ind2=' ' tag='246'><subfield code='a'>New York City, January-March 2006 : aerial photography</subfield></datafield><datafield ind1=' ' ind2=' ' tag='260'><subfield code='a'>Tempe, AZ:</subfield><subfield code='b'>Aerials Express,</subfield><subfield code='c'>[2006] .</subfield></datafield><datafield ind1='2' ind2=' ' tag='710'><subfield code='a'>Aerials Express</subfield></datafield><datafield ind1=' ' ind2=' ' tag='904'><subfield code='a'>twm</subfield><subfield code='b'>o</subfield><subfield code='h'>n</subfield><subfield code='c'>f</subfield><subfield code='e'>20070328</subfield></datafield><datafield ind1='0' ind2=' ' tag='852'><subfield code='0'>5338945</subfield><subfield code='b'>scimap</subfield></datafield></record>