
<record><leader>00468cam a22001455a 4500</leader><controlfield tag='001'>6574987</controlfield><controlfield tag='005'>20110919084640.0</controlfield><controlfield tag='008'>110602s2011    nju           000 0 eng  </controlfield><datafield ind1=' ' ind2=' ' tag='040'><subfield code='a'>NjP</subfield><subfield code='c'>NjP</subfield></datafield><datafield ind1='1' ind2=' ' tag='100'><subfield code='a'>Velez, Carlos.</subfield></datafield><datafield ind1='1' ind2='0' tag='245'><subfield code='a'>Searching for a modern aesthetic :</subfield><subfield code='b'>from furniture to design /</subfield><subfield code='c'>Carlos Velez.</subfield></datafield><datafield ind1=' ' ind2=' ' tag='260'><subfield code='c'>2011</subfield></datafield><datafield ind1=' ' ind2=' ' tag='300'><subfield code='a'>139 p. :</subfield><subfield code='b'>ill. ;</subfield><subfield code='c'>29 x 23 cm.</subfield></datafield><datafield ind1=' ' ind2=' ' tag='500'><subfield code='a'>Advisor(s): Spyridon Papapetros, Lucia Allais</subfield></datafield><datafield ind1=' ' ind2=' ' tag='502'><subfield code='a'>Thesis (Senior)--Princeton University, 2011.</subfield></datafield><datafield ind1='8' ind2=' ' tag='852'><subfield code='0'>6536318</subfield><subfield code='b'>rcppw</subfield><subfield code='h'>Sen. Th. 2011 Vel</subfield><subfield code='x'>tr fr uesla</subfield></datafield><datafield ind1=' ' ind2=' ' tag='959'><subfield code='a'>2011-06-02 09:01:58 -0500</subfield></datafield></record>