
<record><leader>03941cam a2200565 a 4500</leader><controlfield tag='001'>3871398</controlfield><controlfield tag='005'>20140118155736.0</controlfield><controlfield tag='008'>030404s1604    cc            000 0 chi d</controlfield><datafield ind1=' ' ind2=' ' tag='035'><subfield code='a'>(OCoLC)ocn153844960</subfield></datafield><datafield ind1=' ' ind2=' ' tag='040'><subfield code='a'>CStRLIN</subfield><subfield code='c'>PULEA</subfield><subfield code='d'>PULEA</subfield></datafield><datafield ind1=' ' ind2=' ' tag='035'><subfield code='a'>(OCoLC)153844960</subfield></datafield><datafield ind1=' ' ind2=' ' tag='035'><subfield code='a'>(CStRLIN)NJPX97-B2556</subfield></datafield><datafield ind1=' ' ind2=' ' tag='079'><subfield code='a'>ocm52579498</subfield></datafield><datafield ind1=' ' ind2=' ' tag='049'><subfield code='a'>MAIN</subfield></datafield><datafield ind1='0' ind2='0' tag='245'><subfield code='6'>880-01</subfield><subfield code='a'>Xin bian gu jin shi wen lei ju :</subfield><subfield code='b'>[si ji yi bai qi shi juan] /</subfield><subfield code='c'>Zhu Mu bian. Xin bian gu jin shi wen lei ju xin ji : san shi liu juan ; Xin bian gu jin shi wen lei ju wai ji : shi wu juan / Fu Dayong bian. Xin bian gu jin shi wen lei ju yi ji : shi wu juan / Zhu Yuan bian.</subfield></datafield><datafield ind1='3' ind2=' ' tag='246'><subfield code='6'>880-02</subfield><subfield code='a'>Shi wen lei ju</subfield></datafield><datafield ind1='3' ind2='0' tag='246'><subfield code='6'>880-03</subfield><subfield code='a'>Gu jin shi wen lei ju</subfield></datafield><datafield ind1=' ' ind2=' ' tag='260'><subfield code='6'>880-04</subfield><subfield code='a'>Jinling :</subfield><subfield code='b'>Tang Fuchun De shou tang,</subfield><subfield code='c'>Ming Wanli Jia chen [32 nian, 1604]</subfield></datafield><datafield ind1=' ' ind2=' ' tag='300'><subfield code='a'>114 v. ;</subfield><subfield code='c'>25 cm.</subfield></datafield><datafield ind1=' ' ind2=' ' tag='500'><subfield code='a'>In 14 cases.</subfield><subfield code='5'>NjP-G</subfield></datafield><datafield ind1=' ' ind2='0' tag='650'><subfield code='a'>Encyclopedias and dictionaries, Chinese.</subfield></datafield><datafield ind1=' ' ind2='7' tag='650'><subfield code='6'>880-05</subfield><subfield code='a'>Zi bu</subfield><subfield code='x'>Lei shu lei.</subfield><subfield code='2'>sk</subfield></datafield><datafield ind1='1' ind2=' ' tag='700'><subfield code='6'>880-06</subfield><subfield code='a'>Zhu, Mu,</subfield><subfield code='d'>13th cent.,</subfield><subfield code='e'>bian.</subfield></datafield><datafield ind1='1' ind2=' ' tag='700'><subfield code='6'>880-07</subfield><subfield code='a'>Fu, Dayong,</subfield><subfield code='e'>bian.</subfield></datafield><datafield ind1='1' ind2=' ' tag='700'><subfield code='6'>880-08</subfield><subfield code='a'>Zhu, Yuan,</subfield><subfield code='e'>bian.</subfield></datafield><datafield ind1='1' ind2=' ' tag='700'><subfield code='6'>880-09</subfield><subfield code='a'>Tang, Fuchun,</subfield><subfield code='e'>ke.</subfield></datafield><datafield ind1='2' ind2=' ' tag='710'><subfield code='6'>880-10</subfield><subfield code='a'>De shou tang,</subfield><subfield code='e'>ke.</subfield></datafield><datafield ind1='2' ind2=' ' tag='797'><subfield code='a'>CHRBA.</subfield></datafield><datafield ind1='0' ind2='2' tag='730'><subfield code='6'>880-11</subfield><subfield code='a'>Xin bian gu jin shi wen lei ju xin ji.</subfield></datafield><datafield ind1='0' ind2='2' tag='730'><subfield code='6'>880-12</subfield><subfield code='a'>Xin bian gu jin shi wen lei ju wai ji.</subfield></datafield><datafield ind1='0' ind2='2' tag='730'><subfield code='6'>880-13</subfield><subfield code='a'>Xin bian gu jin shi wen lei ju yi ji.</subfield></datafield><datafield ind1='4' ind2='1' tag='856'><subfield code='3'>First page of main text</subfield><subfield code='u'>http://digital.lib.cuhk.edu.hk/crbp/servlet/list?action=afs&amp;startPos=1&amp;id=NJPX97B2556</subfield></datafield><datafield ind1='0' ind2='0' tag='880'><subfield code='6'>245-01</subfield><subfield code='a'>新編古今事文類聚 :</subfield><subfield code='b'>[四集一百七十卷] /</subfield><subfield code='c'>祝穆編. 新編古今事文類聚新集 : 三十六卷 ; 新編古今事文類聚外集 : 十五卷 / 富大用編. 新編古今事文類聚遺集 : 十五卷 / 祝淵編.</subfield></datafield><datafield ind1='3' ind2=' ' tag='880'><subfield code='6'>246-02</subfield><subfield code='a'>事文類聚</subfield></datafield><datafield ind1='3' ind2='0' tag='880'><subfield code='6'>246-03</subfield><subfield code='a'>古今事文類聚</subfield></datafield><datafield ind1=' ' ind2=' ' tag='880'><subfield code='6'>260-04</subfield><subfield code='a'>金陵 :</subfield><subfield code='b'>唐富春德壽堂,</subfield><subfield code='c'>明萬曆甲辰 [32年, 1604]</subfield></datafield><datafield ind1=' ' ind2=' ' tag='880'><subfield code='6'>500-00</subfield><subfield code='a'>卷端題&quot;金陵唐富春刊&quot;.</subfield></datafield><datafield ind1=' ' ind2=' ' tag='880'><subfield code='6'>500-00</subfield><subfield code='a'>&quot;重刻事文類聚序&quot;後鐫&quot;萬曆甲辰孟春之吉金谿唐富春精校補遺重刻&quot;.</subfield></datafield><datafield ind1=' ' ind2=' ' tag='880'><subfield code='6'>500-00</subfield><subfield code='a'>框21.2 x 14.6公分, 11行24字, 白口, 四周單邊, 單黑魚尾, 版心上鐫&quot;事文類聚&quot;及集次, 中鐫卷次, 下鐫&quot;德壽堂梓&quot;.</subfield></datafield><datafield ind1=' ' ind2='7' tag='880'><subfield code='6'>650-05</subfield><subfield code='a'>子部</subfield><subfield code='x'>類書類.</subfield><subfield code='2'>sk</subfield></datafield><datafield ind1='1' ind2=' ' tag='880'><subfield code='6'>700-06</subfield><subfield code='a'>祝穆,</subfield><subfield code='d'>13th cent.,</subfield><subfield code='e'>編.</subfield></datafield><datafield ind1='1' ind2=' ' tag='880'><subfield code='6'>700-07</subfield><subfield code='a'>富大用,</subfield><subfield code='e'>編.</subfield></datafield><datafield ind1='1' ind2=' ' tag='880'><subfield code='6'>700-08</subfield><subfield code='a'>祝淵,</subfield><subfield code='e'>編.</subfield></datafield><datafield ind1='1' ind2=' ' tag='880'><subfield code='6'>700-09</subfield><subfield code='a'>唐富春,</subfield><subfield code='e'>刻.</subfield></datafield><datafield ind1='2' ind2=' ' tag='880'><subfield code='6'>710-10</subfield><subfield code='a'>德壽堂,</subfield><subfield code='e'>刻.</subfield></datafield><datafield ind1='0' ind2='2' tag='880'><subfield code='6'>730-11</subfield><subfield code='a'>新編古今事文類聚新集.</subfield></datafield><datafield ind1='0' ind2='2' tag='880'><subfield code='6'>730-12</subfield><subfield code='a'>新編古今事文類聚外集.</subfield></datafield><datafield ind1='0' ind2='2' tag='880'><subfield code='6'>730-13</subfield><subfield code='a'>新編古今事文類聚遺集.</subfield></datafield><datafield ind1=' ' ind2=' ' tag='994'><subfield code='a'>C0</subfield><subfield code='b'>PULEA</subfield></datafield><datafield ind1='8' ind2=' ' tag='852'><subfield code='0'>4171868</subfield><subfield code='b'>hycrare</subfield><subfield code='h'>TC348/371</subfield></datafield><datafield ind1=' ' ind2='0' tag='866'><subfield code='0'>4171868</subfield><subfield code='a'>Vol.1-v.114</subfield></datafield></record>