
<record><leader>01473ccm a2200361 a 4500</leader><controlfield tag='001'>489972</controlfield><controlfield tag='005'>20120805100713.0</controlfield><controlfield tag='008'>880504m19781985au opbu        n 1  ger  </controlfield><datafield ind1=' ' ind2=' ' tag='010'><subfield code='a'>   87750014 /M </subfield></datafield><datafield ind1='3' ind2='0' tag='028'><subfield code='a'>13640a</subfield><subfield code='b'>Universal Edition</subfield></datafield><datafield ind1='3' ind2='0' tag='028'><subfield code='a'>13640b</subfield><subfield code='b'>Universal Edition</subfield></datafield><datafield ind1='2' ind2='2' tag='028'><subfield code='a'>U.E. 12864</subfield><subfield code='b'>Universal Edition</subfield></datafield><datafield ind1=' ' ind2=' ' tag='035'><subfield code='a'>(OCoLC)15281357</subfield></datafield><datafield ind1=' ' ind2=' ' tag='035'><subfield code='a'>(CStRLIN)NJPG88-C360</subfield></datafield><datafield ind1=' ' ind2=' ' tag='035'><subfield code='9'>ACG5686TS</subfield></datafield><datafield ind1='0' ind2=' ' tag='050'><subfield code='a'>M1500.B48</subfield><subfield code='b'>L8 1985</subfield></datafield><datafield ind1='1' ind2=' ' tag='100'><subfield code='a'>Berg, Alban,</subfield><subfield code='d'>1885-1935.</subfield></datafield><datafield ind1='1' ind2='0' tag='245'><subfield code='a'>Lulu :</subfield><subfield code='b'>Oper nach Frank Wedekinds Tragödien Erdgeist und Büchse der Pandora /</subfield><subfield code='c'>von Alban Berg ; herausgegeben von H.E. Apostel, 1963 ; revidiert von Friedrich Cerha, 1985.</subfield></datafield><datafield ind1=' ' ind2=' ' tag='254'><subfield code='a'>Partitur.</subfield></datafield><datafield ind1=' ' ind2=' ' tag='260'><subfield code='a'>Wien :</subfield><subfield code='b'>Universal Edition,</subfield><subfield code='c'>c1978-c1985.</subfield></datafield><datafield ind1=' ' ind2=' ' tag='300'><subfield code='a'>1 miniature score (2 v. (viii, 1008 p.)) :</subfield><subfield code='b'>facsim. ;</subfield><subfield code='c'>24 cm.</subfield></datafield><datafield ind1=' ' ind2=' ' tag='500'><subfield code='a'>The orchestral score of Act 3 prepared by Friedrich Cerha from the composer&apos;s short score; libretto by the composer.</subfield></datafield><datafield ind1='0' ind2=' ' tag='505'><subfield code='a'>[1]. I. und II. Akt -- [2]. III. Akt.</subfield></datafield><datafield ind1=' ' ind2=' ' tag='500'><subfield code='a'>Publisher&apos;s no.: Universal Edition no. 13640a-b.</subfield></datafield><datafield ind1=' ' ind2='0' tag='650'><subfield code='a'>Operas</subfield><subfield code='x'>Scores.</subfield></datafield><datafield ind1='1' ind2=' ' tag='700'><subfield code='a'>Apostel, Hans Erich,</subfield><subfield code='d'>1901-1972.</subfield></datafield><datafield ind1='1' ind2=' ' tag='700'><subfield code='a'>Cerha, Friedrich.</subfield></datafield><datafield ind1='1' ind2=' ' tag='700'><subfield code='a'>Wedekind, Frank,</subfield><subfield code='d'>1864-1918.</subfield><subfield code='t'>Erdgeist.</subfield></datafield><datafield ind1='1' ind2=' ' tag='700'><subfield code='a'>Wedekind, Frank,</subfield><subfield code='d'>1864-1918.</subfield><subfield code='t'>Büchse der Pandora.</subfield></datafield><datafield ind1=' ' ind2=' ' tag='998'><subfield code='a'>02/18/93</subfield><subfield code='s'>9110</subfield><subfield code='n'>NjP</subfield><subfield code='w'>DCLC87750014C</subfield><subfield code='d'>05/04/88</subfield><subfield code='c'>BGN</subfield><subfield code='b'>CS</subfield><subfield code='i'>930218</subfield><subfield code='l'>NJPG</subfield></datafield><datafield ind1=' ' ind2=' ' tag='948'><subfield code='a'>TRANS FR F</subfield></datafield><datafield ind1=' ' ind2=' ' tag='911'><subfield code='a'>19930311</subfield></datafield><datafield ind1=' ' ind2=' ' tag='912'><subfield code='a'>19930218000000.0</subfield></datafield><datafield ind1='0' ind2='0' tag='852'><subfield code='0'>532198</subfield><subfield code='b'>sv</subfield><subfield code='t'>1</subfield><subfield code='h'>M1500.B37</subfield><subfield code='i'>L9 1985</subfield><subfield code='x'>tr fr svl</subfield></datafield><datafield ind1='0' ind2='0' tag='852'><subfield code='0'>532199</subfield><subfield code='b'>mus</subfield><subfield code='t'>2</subfield><subfield code='h'>M1500.B37</subfield><subfield code='i'>L9 1985</subfield><subfield code='x'>tr fr svl</subfield></datafield><datafield ind1=' ' ind2=' ' tag='959'><subfield code='a'>2000-06-13 00:00:00 -0500</subfield></datafield></record>