
<record><leader>01500cjm a2200337Ia 4500</leader><controlfield tag='001'>5525311</controlfield><controlfield tag='005'>20140221093422.0</controlfield><controlfield tag='007'>sd bumennmplue</controlfield><controlfield tag='008'>740729s1968    nyumun              zxx d</controlfield><datafield ind1=' ' ind2=' ' tag='010'><subfield code='a'>r  68003516 </subfield></datafield><datafield ind1=' ' ind2=' ' tag='035'><subfield code='a'>(OCoLC)ocm00966189</subfield></datafield><datafield ind1=' ' ind2=' ' tag='040'><subfield code='a'>KSU</subfield><subfield code='c'>KSU</subfield><subfield code='d'>OCL</subfield><subfield code='d'>LUS</subfield><subfield code='d'>BGU</subfield><subfield code='d'>OCL</subfield><subfield code='d'>PUL</subfield><subfield code='d'>OCLCG</subfield></datafield><datafield ind1=' ' ind2=' ' tag='019'><subfield code='a'>585369</subfield><subfield code='a'>3005485</subfield><subfield code='a'>35216029</subfield></datafield><datafield ind1='0' ind2='2' tag='028'><subfield code='a'>MS 7194</subfield><subfield code='b'>Columbia</subfield></datafield><datafield ind1=' ' ind2=' ' tag='035'><subfield code='a'>(OCoLC)966189</subfield><subfield code='z'>(OCoLC)585369</subfield><subfield code='z'>(OCoLC)3005485</subfield><subfield code='z'>(OCoLC)35216029</subfield></datafield><datafield ind1=' ' ind2=' ' tag='090'><subfield code='a'>M1473.B3</subfield><subfield code='b'>S958 1968</subfield></datafield><datafield ind1=' ' ind2=' ' tag='049'><subfield code='a'>PULL</subfield></datafield><datafield ind1='1' ind2=' ' tag='100'><subfield code='a'>Bach, Johann Sebastian,</subfield><subfield code='d'>1685-1750.</subfield></datafield><datafield ind1='1' ind2='0' tag='240'><subfield code='a'>Works.</subfield><subfield code='k'>Selections;</subfield><subfield code='o'>arranged</subfield></datafield><datafield ind1='1' ind2='0' tag='245'><subfield code='a'>Switched-on Bach</subfield><subfield code='h'>[sound recording].</subfield></datafield><datafield ind1=' ' ind2=' ' tag='260'><subfield code='a'>New York :</subfield><subfield code='b'>Columbia,</subfield><subfield code='c'>[1968]</subfield></datafield><datafield ind1=' ' ind2=' ' tag='300'><subfield code='a'>1 sound disc (40 min.) :</subfield><subfield code='b'>analog, 33 1/3 rpm, stereo. ;</subfield><subfield code='c'>12 in.</subfield></datafield><datafield ind1='0' ind2=' ' tag='490'><subfield code='a'>Columbia masterworks</subfield></datafield><datafield ind1='0' ind2=' ' tag='511'><subfield code='a'>Electronic realizations and performances by Walter Carlos, with the assistance of Benjamin Folkman.</subfield></datafield><datafield ind1=' ' ind2=' ' tag='500'><subfield code='a'>Program notes by Benjamin Folkman, Robert Moog, and Rachel Elkind on container.</subfield></datafield><datafield ind1='0' ind2=' ' tag='505'><subfield code='a'>Sinfonia to Cantata no. 29 -- Air on a G string -- Two part inventions in F major, B-flat major, and D minor -- Jesu, joy of man&apos;s desiring -- Preludes and fugues, no. 7 and 2, from book 1 of The well-tempered clavier -- Chorale prelude, Wachet auf -- Brandenburg concerto no. 3, in G major.</subfield></datafield><datafield ind1=' ' ind2='0' tag='650'><subfield code='a'>Electronic music.</subfield></datafield><datafield ind1='1' ind2=' ' tag='700'><subfield code='a'>Carlos, Wendy.</subfield><subfield code='4'>arr</subfield></datafield><datafield ind1='1' ind2=' ' tag='700'><subfield code='a'>Folkman, Benjamin.</subfield><subfield code='4'>arr</subfield></datafield><datafield ind1=' ' ind2=' ' tag='994'><subfield code='a'>C0</subfield><subfield code='b'>PUL</subfield></datafield><datafield ind1=' ' ind2=' ' tag='902'><subfield code='a'>dpg</subfield><subfield code='b'>x</subfield><subfield code='6'>j</subfield><subfield code='7'>m</subfield><subfield code='d'>v</subfield><subfield code='f'>1</subfield><subfield code='e'>20080718</subfield></datafield><datafield ind1='8' ind2=' ' tag='852'><subfield code='0'>5659232</subfield><subfield code='b'>rcpqk</subfield><subfield code='h'>LS- 1074</subfield><subfield code='x'>tr fr mus</subfield></datafield><datafield ind1=' ' ind2=' ' tag='959'><subfield code='a'>2008-07-18 16:06:35 -0500</subfield></datafield></record>