
<record><leader>00893cam a2200277 a 4500</leader><controlfield tag='001'>4131923</controlfield><controlfield tag='005'>20121004075956.0</controlfield><controlfield tag='008'>040305s2004    enka          001 0 eng d</controlfield><datafield ind1=' ' ind2=' ' tag='020'><subfield code='a'>1901903516</subfield></datafield><datafield ind1=' ' ind2=' ' tag='035'><subfield code='a'>(OCoLC)55489136</subfield></datafield><datafield ind1=' ' ind2=' ' tag='035'><subfield code='a'>(NIC)5056383</subfield></datafield><datafield ind1=' ' ind2=' ' tag='035'><subfield code='a'>(CStRLIN)NYCXV5056383-B</subfield></datafield><datafield ind1=' ' ind2=' ' tag='035'><subfield code='a'>(UkOxBHB)L1652719</subfield></datafield><datafield ind1=' ' ind2=' ' tag='040'><subfield code='a'>NIC</subfield><subfield code='c'>NIC</subfield><subfield code='d'>NjP</subfield></datafield><datafield ind1=' ' ind2='4' tag='050'><subfield code='a'>DA47.9.J3</subfield><subfield code='b'>B75 2004</subfield></datafield><datafield ind1='0' ind2='0' tag='245'><subfield code='a'>British envoys in Japan :</subfield><subfield code='b'>1859-1972 /</subfield><subfield code='c'>compiled and edited by Hugh Cortazzi ... [et al.].</subfield></datafield><datafield ind1=' ' ind2=' ' tag='260'><subfield code='a'>Folkstone, Kent :</subfield><subfield code='b'>Global Oriental,</subfield><subfield code='c'>2004.</subfield></datafield><datafield ind1=' ' ind2=' ' tag='300'><subfield code='a'>xii, 352 p. :</subfield><subfield code='b'>ill. ;</subfield><subfield code='c'>25 cm.</subfield></datafield><datafield ind1=' ' ind2='0' tag='440'><subfield code='a'>Embassies of Asia series ;</subfield><subfield code='v'>vol. 1</subfield></datafield><datafield ind1=' ' ind2='0' tag='651'><subfield code='a'>Great Britain</subfield><subfield code='x'>Foreign relations</subfield><subfield code='z'>Japan.</subfield></datafield><datafield ind1=' ' ind2='0' tag='651'><subfield code='a'>Japan</subfield><subfield code='x'>Foreign relations</subfield><subfield code='z'>Great Britain.</subfield></datafield><datafield ind1='1' ind2=' ' tag='700'><subfield code='a'>Cortazzi, Hugh.</subfield></datafield><datafield ind1=' ' ind2=' ' tag='904'><subfield code='a'>sdg</subfield><subfield code='b'>a</subfield><subfield code='h'>m</subfield><subfield code='c'>b</subfield><subfield code='e'>20040329</subfield></datafield><datafield ind1=' ' ind2=' ' tag='998'><subfield code='s'>9995</subfield></datafield><datafield ind1=' ' ind2=' ' tag='902'><subfield code='a'>df</subfield><subfield code='b'>m</subfield><subfield code='6'>a</subfield><subfield code='7'>m</subfield><subfield code='d'>v</subfield><subfield code='f'>1</subfield><subfield code='e'>20040712</subfield></datafield><datafield ind1=' ' ind2=' ' tag='999'><subfield code='a'>4131923</subfield></datafield><datafield ind1='0' ind2=' ' tag='852'><subfield code='0'>4407482</subfield><subfield code='b'>f</subfield><subfield code='h'>DA47.9.J3</subfield><subfield code='i'>B75 2004</subfield></datafield><datafield ind1=' ' ind2=' ' tag='959'><subfield code='a'>2004-03-29 14:54:34 -0500</subfield></datafield></record>