
<record><leader>01330cam a22003371  4500</leader><controlfield tag='001'>1984221</controlfield><controlfield tag='005'>20100913102644.0</controlfield><controlfield tag='008'>730109m19611972njuabc   b    000 0 eng  </controlfield><datafield ind1=' ' ind2=' ' tag='010'><subfield code='a'>   61006290 //r864 </subfield></datafield><datafield ind1=' ' ind2=' ' tag='019'><subfield code='a'>2540729</subfield></datafield><datafield ind1=' ' ind2=' ' tag='020'><subfield code='a'>0691056161 (v. 3)</subfield></datafield><datafield ind1=' ' ind2=' ' tag='035'><subfield code='a'>(OCoLC)ocm00268922</subfield></datafield><datafield ind1=' ' ind2=' ' tag='035'><subfield code='9'>CHG6099TS</subfield></datafield><datafield ind1=' ' ind2=' ' tag='040'><subfield code='a'>DLC</subfield><subfield code='c'>DLC</subfield><subfield code='d'>PUL</subfield></datafield><datafield ind1=' ' ind2=' ' tag='043'><subfield code='a'>e-uk---</subfield><subfield code='a'>e-ur---</subfield></datafield><datafield ind1='0' ind2=' ' tag='050'><subfield code='a'>DA47.65</subfield><subfield code='b'>.U4</subfield></datafield><datafield ind1=' ' ind2=' ' tag='082'><subfield code='a'>327.41/047</subfield></datafield><datafield ind1='1' ind2=' ' tag='100'><subfield code='a'>Ullman, Richard H.</subfield><subfield code='q'>(Richard Henry)</subfield></datafield><datafield ind1='1' ind2='0' tag='245'><subfield code='a'>Anglo-Soviet relations, 1917-1921.</subfield></datafield><datafield ind1=' ' ind2=' ' tag='260'><subfield code='a'>Princeton, N.J.,</subfield><subfield code='b'>Princeton University Press,</subfield><subfield code='c'>1961-72 [v. 3, c1973]</subfield></datafield><datafield ind1=' ' ind2=' ' tag='300'><subfield code='a'>3 v.</subfield><subfield code='b'>illus., maps, ports.</subfield><subfield code='c'>25 cm.</subfield></datafield><datafield ind1=' ' ind2=' ' tag='500'><subfield code='a'>Vols. 2-3 published for the Center for International Studies, Princeton University.</subfield></datafield><datafield ind1=' ' ind2=' ' tag='504'><subfield code='a'>Includes bibliographies.</subfield></datafield><datafield ind1='0' ind2=' ' tag='505'><subfield code='a'>v. 1. Intervention and the war.--v. 2. Britain and the Russian Civil War, Nov. 1918-Feb. 1920.--v. 3. The Anglo-Soviet accord.</subfield></datafield><datafield ind1=' ' ind2='0' tag='651'><subfield code='a'>Great Britain</subfield><subfield code='x'>Foreign relations</subfield><subfield code='z'>Soviet Union.</subfield></datafield><datafield ind1=' ' ind2='0' tag='651'><subfield code='a'>Soviet Union</subfield><subfield code='x'>Foreign relations</subfield><subfield code='z'>Great Britain.</subfield></datafield><datafield ind1=' ' ind2='0' tag='651'><subfield code='a'>Soviet Union</subfield><subfield code='x'>History</subfield><subfield code='y'>Revolution, 1917-1921.</subfield></datafield><datafield ind1=' ' ind2='0' tag='651'><subfield code='a'>Soviet Union</subfield><subfield code='x'>History</subfield><subfield code='y'>Allied intervention, 1918-1920.</subfield></datafield><datafield ind1=' ' ind2=' ' tag='945'><subfield code='a'>SPIA</subfield><subfield code='b'>1</subfield><subfield code='c'>1457.794.92</subfield><subfield code='e'>v.1-2</subfield></datafield><datafield ind1=' ' ind2=' ' tag='911'><subfield code='a'>19981222</subfield></datafield><datafield ind1='0' ind2='1' tag='852'><subfield code='0'>2261797</subfield><subfield code='b'>f</subfield><subfield code='t'>1</subfield><subfield code='h'>DA47.65</subfield><subfield code='i'>.U4 1961</subfield></datafield><datafield ind1=' ' ind2='0' tag='866'><subfield code='0'>2261797</subfield><subfield code='a'>Vol. 1-v. 3</subfield></datafield><datafield ind1=' ' ind2=' ' tag='959'><subfield code='a'>2000-06-13 00:00:00 -0500</subfield></datafield></record>