
<record><leader>01830cam a2200385   4500</leader><controlfield tag='001'>1917173</controlfield><controlfield tag='005'>20130517103853.0</controlfield><controlfield tag='008'>711220r19711914nyua     b    001 0 eng  </controlfield><datafield ind1=' ' ind2=' ' tag='010'><subfield code='a'>   78146136 //r973 </subfield></datafield><datafield ind1=' ' ind2=' ' tag='019'><subfield code='a'>221079</subfield></datafield><datafield ind1=' ' ind2=' ' tag='020'><subfield code='a'>0833701851</subfield></datafield><datafield ind1=' ' ind2=' ' tag='035'><subfield code='a'>(OCoLC)ocm00220260</subfield></datafield><datafield ind1=' ' ind2=' ' tag='035'><subfield code='9'>CGR5467TS</subfield></datafield><datafield ind1=' ' ind2=' ' tag='040'><subfield code='a'>DLC</subfield><subfield code='c'>DLC</subfield><subfield code='d'>PUL</subfield></datafield><datafield ind1='1' ind2=' ' tag='041'><subfield code='a'>engfre</subfield></datafield><datafield ind1=' ' ind2=' ' tag='043'><subfield code='a'>e-uk---</subfield><subfield code='a'>e-fr---</subfield></datafield><datafield ind1='0' ind2='0' tag='050'><subfield code='a'>DA47.1</subfield><subfield code='b'>.B3513 1971</subfield></datafield><datafield ind1='0' ind2='0' tag='082'><subfield code='a'>301.29/42/044</subfield></datafield><datafield ind1='1' ind2=' ' tag='100'><subfield code='a'>Bastide, Charles,</subfield><subfield code='d'>1875-</subfield></datafield><datafield ind1='1' ind2='0' tag='240'><subfield code='a'>Anglais et Français du XVIIe siècle.</subfield><subfield code='l'>English</subfield></datafield><datafield ind1='1' ind2='4' tag='245'><subfield code='a'>The Anglo-French Entente in the seventeenth century.</subfield></datafield><datafield ind1=' ' ind2=' ' tag='260'><subfield code='a'>New York,</subfield><subfield code='b'>B. Franklin</subfield><subfield code='c'>[1971]</subfield></datafield><datafield ind1=' ' ind2=' ' tag='300'><subfield code='a'>xiii, 238 p.</subfield><subfield code='b'>illus.</subfield><subfield code='c'>22 cm.</subfield></datafield><datafield ind1='0' ind2=' ' tag='490'><subfield code='a'>Burt Franklin research and source works series, 825. Selected essays in history, economics &amp; social science,</subfield><subfield code='v'>299</subfield></datafield><datafield ind1=' ' ind2=' ' tag='500'><subfield code='a'>Reprint of the 1914 ed.</subfield></datafield><datafield ind1=' ' ind2=' ' tag='500'><subfield code='a'>Translation of Anglais et Français du dix-septième siècle.</subfield></datafield><datafield ind1=' ' ind2=' ' tag='504'><subfield code='a'>Includes bibliographical footnotes.</subfield></datafield><datafield ind1='0' ind2=' ' tag='505'><subfield code='a'>Introduction.--From Paris to London under the Merry monarch.--Did Frenchmen learn English in the seventeenth century?--Specimens of English written by Frenchmen.--Gallomania in England (1600-1685).--Huguenot thought in England.--Shakespeare and Christophe Mongoye.--French gazettes in London (1650-1700).--A quarrel in Soho (1682).--The courtship of Pierre Coste, and other letters.--The strange adventures of the translator of Robinson Crusoe, the Chevalier de Thémiseul.</subfield></datafield><datafield ind1=' ' ind2='0' tag='651'><subfield code='a'>Great Britain</subfield><subfield code='x'>Relations</subfield><subfield code='z'>France.</subfield></datafield><datafield ind1=' ' ind2='0' tag='651'><subfield code='a'>France</subfield><subfield code='x'>Relations</subfield><subfield code='z'>Great Britain.</subfield></datafield><datafield ind1=' ' ind2='0' tag='650'><subfield code='a'>Comparative literature</subfield><subfield code='x'>French and English.</subfield></datafield><datafield ind1=' ' ind2='0' tag='650'><subfield code='a'>Comparative literature</subfield><subfield code='x'>English and French.</subfield></datafield><datafield ind1=' ' ind2='0' tag='650'><subfield code='a'>Civilization, Modern</subfield><subfield code='y'>17th century.</subfield></datafield><datafield ind1=' ' ind2=' ' tag='945'><subfield code='a'>SPC</subfield><subfield code='b'>1</subfield><subfield code='c'>DA47.1</subfield><subfield code='d'>.B3513 1971</subfield></datafield><datafield ind1=' ' ind2=' ' tag='911'><subfield code='a'>19981027</subfield></datafield><datafield ind1='0' ind2='0' tag='852'><subfield code='0'>2187932</subfield><subfield code='b'>spc</subfield><subfield code='t'>1</subfield><subfield code='h'>DA47.1</subfield><subfield code='i'>.B3513 1971</subfield></datafield></record>