
<record><leader>00981cam a2200313 a 4500</leader><controlfield tag='001'>4233920</controlfield><controlfield tag='005'>20110126102737.0</controlfield><controlfield tag='008'>030606s2003    ru a     b    001 0 rusoc</controlfield><datafield ind1=' ' ind2=' ' tag='035'><subfield code='a'>(OCoLC)ocm53782256</subfield></datafield><datafield ind1=' ' ind2=' ' tag='035'><subfield code='a'>(CtY)6237903</subfield></datafield><datafield ind1=' ' ind2=' ' tag='035'><subfield code='a'>(CStRLIN)CTYA6237903-B</subfield></datafield><datafield ind1=' ' ind2=' ' tag='040'><subfield code='a'>CGU</subfield><subfield code='c'>CGU</subfield></datafield><datafield ind1=' ' ind2=' ' tag='020'><subfield code='a'>5850506683</subfield></datafield><datafield ind1=' ' ind2=' ' tag='042'><subfield code='a'>pcc</subfield></datafield><datafield ind1=' ' ind2=' ' tag='043'><subfield code='a'>e-fr---</subfield></datafield><datafield ind1=' ' ind2='4' tag='050'><subfield code='a'>N6850</subfield><subfield code='b'>.G475 2003</subfield></datafield><datafield ind1='1' ind2=' ' tag='100'><subfield code='a'>German, Mikhail,</subfield><subfield code='d'>1933-</subfield></datafield><datafield ind1='1' ind2='0' tag='245'><subfield code='a'>Parizhskai︠a︡ shkola /</subfield><subfield code='c'>Mikhail German.</subfield></datafield><datafield ind1=' ' ind2=' ' tag='260'><subfield code='a'>Moskva :</subfield><subfield code='b'>Slovo,</subfield><subfield code='c'>2003.</subfield></datafield><datafield ind1=' ' ind2=' ' tag='300'><subfield code='a'>268 p. :</subfield><subfield code='b'>ill. ;</subfield><subfield code='c'>21 cm.</subfield></datafield><datafield ind1=' ' ind2='0' tag='440'><subfield code='a'>Bolʹshai︠a︡ biblioteka &quot;Slova&quot;</subfield></datafield><datafield ind1=' ' ind2=' ' tag='504'><subfield code='a'>Includes bibliographical references (p. 257) and index.</subfield></datafield><datafield ind1=' ' ind2='0' tag='650'><subfield code='a'>École de Paris.</subfield></datafield><datafield ind1=' ' ind2='0' tag='650'><subfield code='a'>Art</subfield><subfield code='z'>France</subfield><subfield code='z'>Paris</subfield><subfield code='y'>20th century.</subfield></datafield><datafield ind1=' ' ind2='0' tag='650'><subfield code='a'>Art, French</subfield><subfield code='z'>France</subfield><subfield code='z'>Paris</subfield><subfield code='y'>20th century.</subfield></datafield><datafield ind1=' ' ind2='0' tag='650'><subfield code='a'>Expatriate artists</subfield><subfield code='z'>France</subfield><subfield code='z'>Paris</subfield><subfield code='y'>20th century.</subfield></datafield><datafield ind1=' ' ind2=' ' tag='904'><subfield code='a'>abd</subfield><subfield code='b'>o</subfield><subfield code='h'>m</subfield><subfield code='c'>b</subfield><subfield code='e'>20040902</subfield></datafield><datafield ind1=' ' ind2=' ' tag='999'><subfield code='a'>4233920</subfield></datafield><datafield ind1=' ' ind2=' ' tag='902'><subfield code='a'>rph</subfield><subfield code='b'>l</subfield><subfield code='6'>a</subfield><subfield code='7'>m</subfield><subfield code='d'>v</subfield><subfield code='f'>1</subfield><subfield code='e'>20061029</subfield></datafield><datafield ind1='0' ind2=' ' tag='852'><subfield code='0'>4496975</subfield><subfield code='b'>sa</subfield><subfield code='h'>N6850</subfield><subfield code='i'>.G475 2003</subfield></datafield><datafield ind1=' ' ind2=' ' tag='959'><subfield code='a'>2005-03-23 13:46:25 -0500</subfield></datafield></record>