
<record><leader>01264aam a2200361 a 4500</leader><controlfield tag='001'>3256177</controlfield><controlfield tag='005'>20120529111630.0</controlfield><controlfield tag='008'>000509s2000    njua     b    001 0beng  </controlfield><datafield ind1=' ' ind2=' ' tag='010'><subfield code='a'>   00034664 </subfield></datafield><datafield ind1=' ' ind2=' ' tag='020'><subfield code='a'>0691069506 (alk. paper)</subfield></datafield><datafield ind1=' ' ind2=' ' tag='020'><subfield code='a'>0691115680 (paperback)</subfield></datafield><datafield ind1=' ' ind2=' ' tag='035'><subfield code='a'>(OCoLC)44090472</subfield></datafield><datafield ind1=' ' ind2=' ' tag='035'><subfield code='a'>(CStRLIN)DCLC0034664-B</subfield></datafield><datafield ind1=' ' ind2=' ' tag='040'><subfield code='a'>DLC</subfield><subfield code='c'>DLC</subfield><subfield code='d'>NjP</subfield></datafield><datafield ind1=' ' ind2=' ' tag='043'><subfield code='a'>n-usu--</subfield><subfield code='a'>n-us---</subfield></datafield><datafield ind1='0' ind2='0' tag='050'><subfield code='a'>PS3539.A74</subfield><subfield code='b'>Z93 2001</subfield></datafield><datafield ind1='0' ind2='0' tag='082'><subfield code='a'>818/.5209</subfield><subfield code='a'>B</subfield><subfield code='2'>21</subfield></datafield><datafield ind1='1' ind2=' ' tag='100'><subfield code='a'>Underwood, Thomas A.</subfield></datafield><datafield ind1='1' ind2='0' tag='245'><subfield code='a'>Allen Tate:</subfield><subfield code='b'>orphan of the South /</subfield><subfield code='c'>Thomas A. Underwood.</subfield></datafield><datafield ind1=' ' ind2=' ' tag='260'><subfield code='a'>Princeton, N.J. :</subfield><subfield code='b'>Princeton University Press,</subfield><subfield code='c'>c2000.</subfield></datafield><datafield ind1=' ' ind2=' ' tag='300'><subfield code='a'>viii, 447 p. :</subfield><subfield code='b'>ill. ;</subfield><subfield code='c'>24 cm.</subfield></datafield><datafield ind1=' ' ind2=' ' tag='504'><subfield code='a'>Includes bibliographical references and index.</subfield></datafield><datafield ind1='1' ind2='0' tag='600'><subfield code='a'>Tate, Allen,</subfield><subfield code='d'>1899-1979.</subfield></datafield><datafield ind1=' ' ind2='0' tag='651'><subfield code='a'>Southern States</subfield><subfield code='x'>Intellectual life</subfield><subfield code='y'>20th century.</subfield></datafield><datafield ind1=' ' ind2='0' tag='650'><subfield code='a'>Authors, American</subfield><subfield code='z'>Southern States</subfield><subfield code='v'>Biography.</subfield></datafield><datafield ind1=' ' ind2='0' tag='650'><subfield code='a'>Authors, American</subfield><subfield code='y'>20th century</subfield><subfield code='v'>Biography.</subfield></datafield><datafield ind1=' ' ind2='0' tag='650'><subfield code='a'>Agrarians (Group of writers)</subfield><subfield code='v'>Biography.</subfield></datafield><datafield ind1=' ' ind2='0' tag='650'><subfield code='a'>Critics</subfield><subfield code='z'>United States</subfield><subfield code='v'>Biography.</subfield></datafield><datafield ind1=' ' ind2='0' tag='650'><subfield code='a'>Fugitives (Group)</subfield><subfield code='v'>Biography.</subfield></datafield><datafield ind1=' ' ind2='0' tag='651'><subfield code='a'>Southern States</subfield><subfield code='v'>Biography.</subfield></datafield><datafield ind1=' ' ind2=' ' tag='998'><subfield code='s'>9660</subfield></datafield><datafield ind1=' ' ind2=' ' tag='902'><subfield code='a'>gls</subfield><subfield code='b'>l</subfield><subfield code='c'>b</subfield><subfield code='d'>v</subfield><subfield code='s'>m</subfield><subfield code='f'>1</subfield><subfield code='e'>20001121</subfield></datafield><datafield ind1=' ' ind2=' ' tag='904'><subfield code='a'>gls</subfield><subfield code='b'>g</subfield><subfield code='h'>m</subfield><subfield code='c'>b</subfield><subfield code='e'>20001121</subfield></datafield><datafield ind1='0' ind2=' ' tag='852'><subfield code='0'>3580281</subfield><subfield code='b'>exb</subfield><subfield code='h'>PS3539.A74</subfield><subfield code='i'>Z93 2000</subfield></datafield><datafield ind1='0' ind2=' ' tag='852'><subfield code='0'>3595800</subfield><subfield code='b'>f</subfield><subfield code='h'>PS3539.A74</subfield><subfield code='i'>Z93 2000</subfield></datafield><datafield ind1='0' ind2=' ' tag='852'><subfield code='0'>3595801</subfield><subfield code='b'>rcppa</subfield><subfield code='h'>PS3539.A74</subfield><subfield code='i'>Z93 2000</subfield><subfield code='x'>tr fr anxa</subfield></datafield><datafield ind1='0' ind2=' ' tag='852'><subfield code='0'>3668455</subfield><subfield code='b'>f</subfield><subfield code='t'>2</subfield><subfield code='h'>PS3539.A74</subfield><subfield code='i'>Z93 2000</subfield></datafield><datafield ind1='0' ind2=' ' tag='852'><subfield code='0'>4362737</subfield><subfield code='b'>f</subfield><subfield code='h'>PS3539.A74</subfield><subfield code='i'>Z93 2000</subfield><subfield code='x'>tr fr dixn</subfield></datafield><datafield ind1=' ' ind2=' ' tag='959'><subfield code='a'>2000-11-21 10:20:13 -0500</subfield></datafield></record>