
<record><leader>01593cac a2200397 a 4500</leader><controlfield tag='001'>3060288</controlfield><controlfield tag='005'>20150112154850.0</controlfield><controlfield tag='008'>980402s1996    ja a     bc   000 0djpnod</controlfield><datafield ind1=' ' ind2=' ' tag='035'><subfield code='a'>(CStRLIN)NJPG98-B21119</subfield></datafield><datafield ind1=' ' ind2=' ' tag='035'><subfield code='9'>CFX8767NE</subfield></datafield><datafield ind1=' ' ind2=' ' tag='040'><subfield code='a'>DFG</subfield><subfield code='c'>DFG</subfield><subfield code='d'>NjP</subfield></datafield><datafield ind1='1' ind2=' ' tag='041'><subfield code='a'>jpneng</subfield><subfield code='h'>jpn</subfield></datafield><datafield ind1=' ' ind2=' ' tag='043'><subfield code='a'>a-ja---</subfield></datafield><datafield ind1=' ' ind2='4' tag='050'><subfield code='a'>TR647</subfield><subfield code='b'>.M669 1996</subfield></datafield><datafield ind1='1' ind2=' ' tag='100'><subfield code='a'>Morimura, Yasumasa,</subfield><subfield code='d'>1951-</subfield></datafield><datafield ind1='1' ind2='0' tag='245'><subfield code='a'>Morimura Yasumasa ten :</subfield><subfield code='b'>bi ni itaru yamai : joyū ni natta watakushi /</subfield><subfield code='c'>[henshū Yokohama Bijutsukan Gakugeibu].</subfield></datafield><datafield ind1='3' ind2='3' tag='246'><subfield code='a'>Bi ni itaru yamai</subfield></datafield><datafield ind1='3' ind2='3' tag='246'><subfield code='a'>Joyū ni natta watakushi</subfield></datafield><datafield ind1='3' ind2='5' tag='246'><subfield code='a'>Morimura Yasumasa, the sickness unto beauty</subfield></datafield><datafield ind1='3' ind2='5' tag='246'><subfield code='a'>Sickness unto beauty</subfield></datafield><datafield ind1='3' ind2='3' tag='246'><subfield code='a'>Self portraits as actress</subfield></datafield><datafield ind1=' ' ind2=' ' tag='260'><subfield code='a'>[Yokohama-shi] :</subfield><subfield code='b'>Yokohama-shi Bijutsukan,</subfield><subfield code='c'>c1996.</subfield></datafield><datafield ind1=' ' ind2=' ' tag='300'><subfield code='a'>181 p. :</subfield><subfield code='b'>chiefly ill. (some col.) ;</subfield><subfield code='c'>30 cm.</subfield></datafield><datafield ind1=' ' ind2=' ' tag='500'><subfield code='a'>Catalog of an exhibition held at Yokohama Museum of Art, Apr. 6-June 9, 1996.</subfield></datafield><datafield ind1=' ' ind2=' ' tag='500'><subfield code='a'>Title on added t.p.: Morimura Yasumasa : the sickness unto beauty : self portraits as actress.</subfield></datafield><datafield ind1=' ' ind2=' ' tag='504'><subfield code='a'>Includes bibliographical references (p. 174-179).</subfield></datafield><datafield ind1=' ' ind2=' ' tag='546'><subfield code='a'>Text also in English.</subfield></datafield><datafield ind1='1' ind2='0' tag='600'><subfield code='a'>Morimura, Yasumasa,</subfield><subfield code='d'>1951-</subfield><subfield code='x'>Exhibitions.</subfield></datafield><datafield ind1='1' ind2='0' tag='600'><subfield code='a'>Morimusa, Yasumasa,</subfield><subfield code='d'>1951-</subfield><subfield code='x'>Portraits</subfield><subfield code='x'>Exhibitions.</subfield></datafield><datafield ind1=' ' ind2='0' tag='650'><subfield code='a'>Female impersonators in art</subfield><subfield code='x'>Exhibitions.</subfield></datafield><datafield ind1=' ' ind2='0' tag='650'><subfield code='a'>Transvestism in art</subfield><subfield code='x'>Exhibitions.</subfield></datafield><datafield ind1=' ' ind2='0' tag='650'><subfield code='a'>Actresses in art</subfield><subfield code='x'>Exhibitions.</subfield></datafield><datafield ind1='2' ind2=' ' tag='710'><subfield code='a'>Yokohama Bijutsukan.</subfield></datafield><datafield ind1=' ' ind2=' ' tag='998'><subfield code='a'>04/02/98</subfield><subfield code='s'>9114</subfield><subfield code='n'>NjP</subfield><subfield code='w'>DCFX97B148</subfield><subfield code='d'>04/02/98</subfield><subfield code='c'>RPH</subfield><subfield code='b'>RPH</subfield><subfield code='i'>980402</subfield><subfield code='l'>NJPG</subfield></datafield><datafield ind1=' ' ind2=' ' tag='911'><subfield code='a'>19980409</subfield></datafield><datafield ind1=' ' ind2=' ' tag='912'><subfield code='a'>19980402000000.0</subfield></datafield><datafield ind1='0' ind2='0' tag='852'><subfield code='0'>3498009</subfield><subfield code='b'>rcppj</subfield><subfield code='t'>1</subfield><subfield code='c'>Oversize</subfield><subfield code='h'>TR647</subfield><subfield code='i'>.M669 1996q</subfield><subfield code='x'>tr fr saph</subfield></datafield><datafield ind1=' ' ind2=' ' tag='959'><subfield code='a'>2000-06-13 00:00:00 -0500</subfield></datafield></record>