
<record><leader>01237cam a2200301Ia 4500</leader><controlfield tag='001'>2953299</controlfield><controlfield tag='005'>20130517091921.0</controlfield><controlfield tag='008'>000216s19uu    ir            000 0cper d</controlfield><datafield ind1=' ' ind2=' ' tag='035'><subfield code='a'>(OCoLC)ocn794856411</subfield></datafield><datafield ind1=' ' ind2=' ' tag='035'><subfield code='a'>(OCoLC)ocm43467847</subfield></datafield><datafield ind1=' ' ind2=' ' tag='035'><subfield code='9'>CPJ5085TS</subfield></datafield><datafield ind1=' ' ind2=' ' tag='040'><subfield code='a'>PUL</subfield><subfield code='c'>PUL</subfield><subfield code='d'>OCLCQ</subfield><subfield code='d'>OCLCG</subfield><subfield code='d'>PUL</subfield></datafield><datafield ind1=' ' ind2=' ' tag='035'><subfield code='a'>(OCoLC)794856411</subfield></datafield><datafield ind1=' ' ind2=' ' tag='079'><subfield code='a'>ocm43467847</subfield></datafield><datafield ind1=' ' ind2=' ' tag='090'><subfield code='a'>BP192.8</subfield><subfield code='b'>.K575 1900z</subfield></datafield><datafield ind1=' ' ind2=' ' tag='049'><subfield code='a'>PULL</subfield></datafield><datafield ind1='1' ind2=' ' tag='100'><subfield code='6'>880-01</subfield><subfield code='a'>Kirmānshāhī, ʻAbd al-Raḥīm ibn ʻAbd al-Raḥmān,</subfield><subfield code='d'>1808-1887 or 1888.</subfield></datafield><datafield ind1='1' ind2='0' tag='240'><subfield code='6'>880-02</subfield><subfield code='a'>Kitāb-i mustaṭāb-i Sirr al-asrār fī muṣībat abī al-aʼimmah al-aṭhār</subfield></datafield><datafield ind1='1' ind2='0' tag='245'><subfield code='6'>880-03</subfield><subfield code='a'>Sirr al-asrār fī muṣībat abī al-aʼimmah al-aṭhār.</subfield></datafield><datafield ind1=' ' ind2=' ' tag='260'><subfield code='a'>[S.l. :</subfield><subfield code='b'>s.n.,</subfield><subfield code='c'>19--?]</subfield></datafield><datafield ind1=' ' ind2=' ' tag='300'><subfield code='a'>378 p. ;</subfield><subfield code='c'>26 cm.</subfield></datafield><datafield ind1=' ' ind2='0' tag='650'><subfield code='a'>Imams (Shiites)</subfield><subfield code='v'>Biography.</subfield></datafield><datafield ind1='1' ind2=' ' tag='880'><subfield code='6'>100-01/r</subfield><subfield code='a'>کرمانشاهى، عبد الرحىم بن عبد الرحمن،</subfield><subfield code='d'>1808-1887 or 1888.</subfield></datafield><datafield ind1='1' ind2='0' tag='880'><subfield code='6'>240-02/r</subfield><subfield code='a'>کتاب مستطاب سر الاسرار فى مصىبت ابى الائمه الاطهار</subfield></datafield><datafield ind1='1' ind2='0' tag='880'><subfield code='6'>245-03/r</subfield><subfield code='a'>سر الاسرار فى مصىبت ابى الائمه الاطهار.</subfield></datafield><datafield ind1=' ' ind2=' ' tag='994'><subfield code='a'>C0</subfield><subfield code='b'>PUL</subfield></datafield><datafield ind1=' ' ind2=' ' tag='999'><subfield code='a'>2953299</subfield></datafield><datafield ind1=' ' ind2=' ' tag='902'><subfield code='a'>jyn</subfield><subfield code='b'>o</subfield><subfield code='6'>a</subfield><subfield code='7'>m</subfield><subfield code='d'>v</subfield><subfield code='f'>0</subfield><subfield code='e'>20120606</subfield></datafield><datafield ind1='0' ind2=' ' tag='852'><subfield code='0'>3268104</subfield><subfield code='b'>nec</subfield><subfield code='h'>BP192.8</subfield><subfield code='i'>.K575 1900z</subfield></datafield><datafield ind1=' ' ind2=' ' tag='959'><subfield code='a'>2009-08-27 09:55:49 -0500</subfield></datafield></record>