
<record><leader>01131cam a2200265 a 4500</leader><controlfield tag='001'>3148879</controlfield><controlfield tag='005'>20140425084638.0</controlfield><controlfield tag='008'>970130s1982    ko ab         00110 kor d</controlfield><datafield ind1=' ' ind2=' ' tag='035'><subfield code='a'>(CStRLIN)NJPX97-B706</subfield></datafield><datafield ind1=' ' ind2=' ' tag='040'><subfield code='a'>NjP-G</subfield><subfield code='c'>NjP-G</subfield></datafield><datafield ind1=' ' ind2=' ' tag='090'><subfield code='a'>DS916.55</subfield><subfield code='b'>.M56 vol.4</subfield><subfield code='f'>CAS</subfield><subfield code='i'>03/11/04 T</subfield><subfield code='h'>02/27/97 CT</subfield></datafield><datafield ind1=' ' ind2=' ' tag='066'><subfield code='c'>$1</subfield></datafield><datafield ind1='1' ind2=' ' tag='100'><subfield code='6'>880-01</subfield><subfield code='a'>Sin, Chae-hong.</subfield></datafield><datafield ind1='1' ind2='0' tag='245'><subfield code='6'>880-02</subfield><subfield code='a'>Tongnipkun ŭi chŏnt&apos;u /</subfield><subfield code='c'>Sin Chae-hong chipp&apos;il.</subfield></datafield><datafield ind1=' ' ind2=' ' tag='260'><subfield code='6'>880-03</subfield><subfield code='a'>Sŏul T&apos;ŭkpyŏlsi :</subfield><subfield code='b'>Minjok Munhwa Mun&apos;go Kanhaenghoe,</subfield><subfield code='c'>1982.</subfield></datafield><datafield ind1=' ' ind2=' ' tag='300'><subfield code='a'>472, 27 p. :</subfield><subfield code='b'>ill., maps ;</subfield><subfield code='c'>23 cm.</subfield></datafield><datafield ind1=' ' ind2='0' tag='440'><subfield code='6'>880-04</subfield><subfield code='a'>Minjok undong ch&apos;ongsŏ ;</subfield><subfield code='v'>che 4-chip</subfield></datafield><datafield ind1=' ' ind2='0' tag='650'><subfield code='a'>Korean resistance movements, 1905-1945.</subfield></datafield><datafield ind1=' ' ind2=' ' tag='880'><subfield code='6'>100-01/$1</subfield><subfield code='a'>신재홍．</subfield></datafield><datafield ind1='1' ind2='0' tag='880'><subfield code='6'>245-02/$1</subfield><subfield code='a'>독립군의전투　/</subfield><subfield code='c'>신재홍집필.</subfield></datafield><datafield ind1=' ' ind2=' ' tag='880'><subfield code='6'>260-03/$1</subfield><subfield code='a'>서울특별시　:</subfield><subfield code='b'>민족문화문고간행회,</subfield><subfield code='c'>1982.</subfield></datafield><datafield ind1=' ' ind2='0' tag='880'><subfield code='6'>440-04/$1</subfield><subfield code='a'>민족운동총서　;</subfield><subfield code='v'>第4集</subfield></datafield><datafield ind1=' ' ind2=' ' tag='950'><subfield code='l'>K</subfield><subfield code='d'>\AnnexA\</subfield><subfield code='p'>7</subfield><subfield code='h'>02/27/1997 C</subfield></datafield><datafield ind1=' ' ind2=' ' tag='955'><subfield code='l'>K</subfield><subfield code='c'>1</subfield><subfield code='q'>gift from ICSK 4-11-85 Gest A07364</subfield><subfield code='r'>32101032841288</subfield><subfield code='h'>02/27/97 C</subfield></datafield><datafield ind1=' ' ind2=' ' tag='998'><subfield code='a'>03/11/04</subfield><subfield code='t'>c</subfield><subfield code='s'>9114</subfield><subfield code='n'>NjP-G</subfield><subfield code='w'>NJPX97B706</subfield><subfield code='d'>03/11/04</subfield><subfield code='c'>SK</subfield><subfield code='b'>KH</subfield><subfield code='i'>040311</subfield><subfield code='h'>970227</subfield><subfield code='l'>NJPX</subfield></datafield><datafield ind1='0' ind2='0' tag='852'><subfield code='0'>3462708</subfield><subfield code='b'>k</subfield><subfield code='t'>1</subfield><subfield code='h'>DS916.55</subfield><subfield code='i'>.M56 vol.4</subfield><subfield code='x'>AnnexA</subfield></datafield><datafield ind1=' ' ind2=' ' tag='959'><subfield code='a'>2000-06-13 00:00:00 -0500</subfield></datafield></record>