
<record><leader>00508cam a22001935u 4500</leader><controlfield tag='001'>7338297</controlfield><controlfield tag='005'>20150714085318.0</controlfield><controlfield tag='008'>130220s2012    cc      r         0 chi d</controlfield><datafield ind1=' ' ind2=' ' tag='020'><subfield code='a'>9781935981633</subfield></datafield><datafield ind1='1' ind2=' ' tag='100'><subfield code='6'>880-01</subfield><subfield code='a'>Hu, Lili</subfield></datafield><datafield ind1='1' ind2='0' tag='245'><subfield code='6'>880-02</subfield><subfield code='a'>Xi jin ping zhuan ji</subfield></datafield><datafield ind1=' ' ind2=' ' tag='260'><subfield code='b'>明鏡出版社,</subfield><subfield code='c'>2012</subfield></datafield><datafield ind1=' ' ind2=' ' tag='300'><subfield code='a'>492 p.</subfield></datafield><datafield ind1='1' ind2=' ' tag='700'><subfield code='6'>880-03</subfield><subfield code='a'>Liang, Jian</subfield></datafield><datafield ind1='1' ind2=' ' tag='880'><subfield code='6'>100-01</subfield><subfield code='a'>胡麗麗</subfield></datafield><datafield ind1='1' ind2='0' tag='880'><subfield code='6'>245-02</subfield><subfield code='a'>習近平傳記</subfield></datafield><datafield ind1='1' ind2=' ' tag='880'><subfield code='6'>700-03</subfield><subfield code='a'>梁劍</subfield></datafield><datafield ind1=' ' ind2=' ' tag='980'><subfield code='b'>18.60</subfield><subfield code='v'>HKCOMPR</subfield></datafield><datafield ind1=' ' ind2=' ' tag='904'><subfield code='a'>ww</subfield><subfield code='b'>o</subfield><subfield code='h'>m</subfield><subfield code='c'>b</subfield><subfield code='e'>20130220</subfield></datafield><datafield ind1='0' ind2=' ' tag='852'><subfield code='0'>7168894</subfield><subfield code='b'>c</subfield></datafield></record>