
<record><leader>01188cam a2200349Ia 4500</leader><controlfield tag='001'>4832228</controlfield><controlfield tag='005'>20060905102311.0</controlfield><controlfield tag='008'>960829s1937    cc            000 0 chi d</controlfield><datafield ind1=' ' ind2=' ' tag='035'><subfield code='a'>(OCoLC)ocm35316510</subfield></datafield><datafield ind1=' ' ind2=' ' tag='040'><subfield code='a'>HNK</subfield><subfield code='c'>HNK</subfield><subfield code='d'>OCLCQ</subfield><subfield code='d'>PULEA</subfield></datafield><datafield ind1=' ' ind2=' ' tag='066'><subfield code='c'>$1</subfield></datafield><datafield ind1=' ' ind2=' ' tag='090'><subfield code='a'>AC149</subfield><subfield code='b'>.T76 1935 v. 500</subfield></datafield><datafield ind1=' ' ind2=' ' tag='099'><subfield code='a'>C338/4352 v.500</subfield></datafield><datafield ind1=' ' ind2=' ' tag='049'><subfield code='a'>MAIN</subfield></datafield><datafield ind1='1' ind2=' ' tag='100'><subfield code='6'>880-01</subfield><subfield code='a'>Chen, Shiyuan,</subfield><subfield code='d'>jin shi 1544.</subfield></datafield><datafield ind1='1' ind2='0' tag='245'><subfield code='6'>880-02</subfield><subfield code='a'>Mengzi za ji /</subfield><subfield code='c'>Chen Shiyuan zhu.</subfield></datafield><datafield ind1=' ' ind2=' ' tag='250'><subfield code='6'>880-03</subfield><subfield code='a'>Chu ban.</subfield></datafield><datafield ind1=' ' ind2=' ' tag='260'><subfield code='6'>880-04</subfield><subfield code='a'>Shanghai :</subfield><subfield code='b'>Shang wu yin shu guan,</subfield><subfield code='c'>Minguo 26 [1937]</subfield></datafield><datafield ind1=' ' ind2=' ' tag='300'><subfield code='a'>2, 2, 80 p. ;</subfield><subfield code='c'>18 cm.</subfield></datafield><datafield ind1=' ' ind2='0' tag='440'><subfield code='6'>880-05</subfield><subfield code='a'>Cong shu ji cheng chu bian ;</subfield><subfield code='v'>0500</subfield></datafield><datafield ind1=' ' ind2=' ' tag='500'><subfield code='a'>NOT TO CIRCULATE.</subfield><subfield code='5'>NjP-G</subfield></datafield><datafield ind1='0' ind2='0' tag='600'><subfield code='6'>880-06</subfield><subfield code='a'>Mencius.</subfield><subfield code='t'>Mengzi.</subfield></datafield><datafield ind1='1' ind2=' ' tag='880'><subfield code='6'>100-01/$1</subfield><subfield code='a'>陳士元,</subfield><subfield code='d'>jin shi 1544.</subfield></datafield><datafield ind1='1' ind2='0' tag='880'><subfield code='6'>245-02/$1</subfield><subfield code='a'>孟子雜記 /</subfield><subfield code='c'>陳士元著.</subfield></datafield><datafield ind1=' ' ind2=' ' tag='880'><subfield code='6'>250-03/$1</subfield><subfield code='a'>初版.</subfield></datafield><datafield ind1=' ' ind2=' ' tag='880'><subfield code='6'>260-04/$1</subfield><subfield code='a'>上海 :</subfield><subfield code='b'>商務印書館,</subfield><subfield code='c'>民國26 [1937]</subfield></datafield><datafield ind1=' ' ind2='0' tag='880'><subfield code='6'>440-05/$1</subfield><subfield code='a'>叢書集成初編 ;</subfield><subfield code='v'>0500</subfield></datafield><datafield ind1='0' ind2='0' tag='880'><subfield code='6'>600-06/$1</subfield><subfield code='a'>Mencius.</subfield><subfield code='t'>孟子.</subfield></datafield><datafield ind1=' ' ind2=' ' tag='945'><subfield code='a'>hyg</subfield><subfield code='c'>C338/4352 v.500</subfield><subfield code='g'>NOT TO CIRCULATE</subfield></datafield><datafield ind1=' ' ind2=' ' tag='910'><subfield code='a'>rc2082</subfield></datafield><datafield ind1=' ' ind2=' ' tag='987'><subfield code='a'>PINYIN</subfield><subfield code='b'>OCoLC</subfield><subfield code='c'>20010607</subfield><subfield code='d'>c</subfield><subfield code='e'>04.15.2001</subfield></datafield><datafield ind1=' ' ind2=' ' tag='994'><subfield code='a'>02</subfield><subfield code='b'>MAI</subfield></datafield><datafield ind1='8' ind2=' ' tag='852'><subfield code='0'>5031952</subfield><subfield code='b'>hyg</subfield><subfield code='h'>C338/4352 vol.500</subfield><subfield code='z'>NOT TO CIRCULATE</subfield></datafield></record>