
<record><leader>00835nam a2200253   4500</leader><controlfield tag='001'>2167669</controlfield><controlfield tag='008'>800903s19431945fr            000 0 fre  </controlfield><datafield ind1=' ' ind2=' ' tag='010'><subfield code='a'>   47028799  </subfield></datafield><datafield ind1=' ' ind2=' ' tag='035'><subfield code='a'>(OCoLC)ocm06678681</subfield></datafield><datafield ind1=' ' ind2=' ' tag='035'><subfield code='9'>CJT6026TS</subfield></datafield><datafield ind1=' ' ind2=' ' tag='040'><subfield code='a'>DLC</subfield><subfield code='c'>CUI</subfield><subfield code='d'>PUL</subfield></datafield><datafield ind1='2' ind2=' ' tag='100'><subfield code='a'>Debû-Bridel, Jacques,</subfield><subfield code='d'>1902-</subfield></datafield><datafield ind1='1' ind2='0' tag='245'><subfield code='a'>Angleterre (d&apos;Alcuin à Huxley)</subfield><subfield code='c'>[par] Argonne [pseud.]</subfield></datafield><datafield ind1=' ' ind2=' ' tag='260'><subfield code='a'>Paris,</subfield><subfield code='c'>Éditions de minuit,</subfield><subfield code='c'>1943 [i.e. 1945]</subfield></datafield><datafield ind1=' ' ind2=' ' tag='300'><subfield code='a'>61 p.</subfield><subfield code='c'>17 cm.</subfield></datafield><datafield ind1=' ' ind2=' ' tag='500'><subfield code='a'>&quot;Première édition publique.&quot;</subfield></datafield><datafield ind1=' ' ind2=' ' tag='500'><subfield code='a'>Author&apos;s pseud., Argonne, at head of title.</subfield></datafield><datafield ind1=' ' ind2='0' tag='651'><subfield code='a'>Great Britain</subfield><subfield code='x'>Relations</subfield><subfield code='z'>France.</subfield></datafield><datafield ind1=' ' ind2='0' tag='651'><subfield code='a'>France</subfield><subfield code='x'>Relations</subfield><subfield code='z'>Great Britain.</subfield></datafield><datafield ind1=' ' ind2='0' tag='651'><subfield code='a'>Great Britain</subfield><subfield code='x'>Civilization</subfield><subfield code='x'>History.</subfield></datafield><datafield ind1='2' ind2=' ' tag='710'><subfield code='a'>Editions de Minuit.</subfield></datafield><datafield ind1=' ' ind2=' ' tag='945'><subfield code='a'>BEACH</subfield><subfield code='b'>1</subfield><subfield code='c'>DA47.1</subfield><subfield code='d'>.D35 1945</subfield></datafield><datafield ind1=' ' ind2=' ' tag='911'><subfield code='a'>19990206</subfield></datafield><datafield ind1=' ' ind2=' ' tag='912'><subfield code='a'>19990604052040.0</subfield></datafield><datafield ind1='0' ind2='0' tag='852'><subfield code='0'>2453693</subfield><subfield code='b'>beac</subfield><subfield code='t'>1</subfield><subfield code='h'>DA47.1</subfield><subfield code='i'>.D35 1945</subfield></datafield><datafield ind1='8' ind2='0' tag='852'><subfield code='0'>2453694</subfield><subfield code='b'>ex</subfield><subfield code='t'>1</subfield><subfield code='h'>3229.319.28</subfield></datafield><datafield ind1='8' ind2=' ' tag='852'><subfield code='0'>3520541</subfield><subfield code='b'>rcppa</subfield><subfield code='h'>1459.287</subfield></datafield><datafield ind1=' ' ind2=' ' tag='959'><subfield code='a'>2006-10-05 14:19:22 -0500</subfield></datafield></record>