
<record><leader>02120cas a22005291a 4500</leader><controlfield tag='001'>491654</controlfield><controlfield tag='005'>20131002094411.0</controlfield><controlfield tag='008'>880415d19492007dcu x1   s   f0   a0eng  </controlfield><datafield ind1=' ' ind2=' ' tag='010'><subfield code='a'>   52004576 //r84 </subfield></datafield><datafield ind1='0' ind2=' ' tag='022'><subfield code='a'>0082-9455</subfield></datafield><datafield ind1=' ' ind2=' ' tag='035'><subfield code='a'>(OCoLC)1184940</subfield></datafield><datafield ind1=' ' ind2=' ' tag='035'><subfield code='a'>(CStRLIN)NJPG88-S1774</subfield></datafield><datafield ind1=' ' ind2=' ' tag='035'><subfield code='9'>ACG7376TS</subfield></datafield><datafield ind1=' ' ind2=' ' tag='040'><subfield code='c'>DI</subfield><subfield code='d'>NIC</subfield><subfield code='d'>InU</subfield><subfield code='d'>NSDP</subfield><subfield code='d'>m.c.</subfield><subfield code='d'>MH</subfield><subfield code='d'>MnMULS</subfield><subfield code='d'>RCS</subfield><subfield code='d'>MH</subfield><subfield code='d'>DGPO</subfield><subfield code='d'>DNAL</subfield><subfield code='d'>PPiU</subfield><subfield code='d'>NST</subfield><subfield code='d'>DLC</subfield><subfield code='d'>NST</subfield><subfield code='d'>MH</subfield><subfield code='d'>DLC</subfield><subfield code='d'>OCoLC</subfield><subfield code='d'>m/c</subfield><subfield code='d'>NST</subfield><subfield code='d'>OCoLC</subfield><subfield code='d'>NSDP</subfield><subfield code='d'>NjP</subfield></datafield><datafield ind1=' ' ind2=' ' tag='042'><subfield code='a'>lc</subfield><subfield code='a'>nsdp</subfield></datafield><datafield ind1=' ' ind2=' ' tag='043'><subfield code='a'>n-us---</subfield></datafield><datafield ind1='0' ind2=' ' tag='050'><subfield code='a'>HA202</subfield><subfield code='b'>.A36</subfield></datafield><datafield ind1=' ' ind2=' ' tag='060'><subfield code='a'>W2 A B9CO</subfield></datafield><datafield ind1=' ' ind2=' ' tag='070'><subfield code='a'>HA202.A3</subfield></datafield><datafield ind1=' ' ind2=' ' tag='072'><subfield code='a'>E100</subfield></datafield><datafield ind1=' ' ind2=' ' tag='074'><subfield code='a'>151</subfield></datafield><datafield ind1='0' ind2=' ' tag='082'><subfield code='a'>317.3</subfield><subfield code='2'>19</subfield></datafield><datafield ind1='0' ind2=' ' tag='086'><subfield code='a'>C 56.243/2:C 83/</subfield></datafield><datafield ind1='0' ind2=' ' tag='086'><subfield code='a'>C 3.134/2:C 83/2/</subfield></datafield><datafield ind1='0' ind2=' ' tag='210'><subfield code='a'>Cty. city data book</subfield></datafield><datafield ind1=' ' ind2='0' tag='222'><subfield code='a'>County and city data book</subfield></datafield><datafield ind1='0' ind2='0' tag='245'><subfield code='a'>County and city data book.</subfield></datafield><datafield ind1=' ' ind2=' ' tag='260'><subfield code='a'>[Washington, D.C.] :</subfield><subfield code='b'>U.S. Dept. of Commerce, Bureau of the Census :</subfield><subfield code='b'>[For sale by the Supt. of Docs., U.S. G.P.O.],</subfield><subfield code='c'>1952-</subfield></datafield><datafield ind1=' ' ind2=' ' tag='265'><subfield code='a'>Supt. of Docs., U.S. Govt. Print. Off., Washington, D.C. 20402</subfield></datafield><datafield ind1=' ' ind2=' ' tag='300'><subfield code='a'>v. :</subfield><subfield code='b'>ill. ;</subfield><subfield code='c'>29 cm.</subfield></datafield><datafield ind1=' ' ind2=' ' tag='310'><subfield code='a'>Irregular</subfield></datafield><datafield ind1='0' ind2=' ' tag='362'><subfield code='a'></subfield><subfield code='a'>[1st ed.] (1949)-14th ed. (2007).</subfield></datafield><datafield ind1=' ' ind2=' ' tag='500'><subfield code='a'>&quot;A statistical abstract supplement.&quot;</subfield></datafield><datafield ind1=' ' ind2=' ' tag='530'><subfield code='a'>Also issued on CD-ROM with title: County &amp; city data book.</subfield></datafield><datafield ind1=' ' ind2=' ' tag='530'><subfield code='a'>Also available via Internet from the Census Bureau web                     site. Address as of 6/13/03: http://www.census.gov                     /statab/www/ccdb.html; current access is available via PURL.</subfield></datafield><datafield ind1=' ' ind2=' ' tag='580'><subfield code='a'>Continues in part: Cities supplement, and also continues in part: County databook.</subfield></datafield><datafield ind1=' ' ind2='0' tag='650'><subfield code='a'>Cities and towns</subfield><subfield code='z'>United States</subfield><subfield code='x'>Statistics</subfield><subfield code='x'>Periodicals.</subfield></datafield><datafield ind1=' ' ind2='0' tag='651'><subfield code='a'>United States</subfield><subfield code='x'>Statistics</subfield><subfield code='x'>Periodicals.</subfield></datafield><datafield ind1='1' ind2=' ' tag='710'><subfield code='a'>United States.</subfield><subfield code='b'>Bureau of the Census.</subfield></datafield><datafield ind1=' ' ind2=' ' tag='730'><subfield code='a'>Statistical abstract of the United States.</subfield></datafield><datafield ind1='1' ind2='1' tag='780'><subfield code='t'>Cities supplement</subfield></datafield><datafield ind1='1' ind2='1' tag='780'><subfield code='t'>County databook.</subfield></datafield><datafield ind1='4' ind2='1' tag='856'><subfield code='u'>http://purl.access.gpo.gov/GPO/LPS29932</subfield></datafield><datafield ind1=' ' ind2=' ' tag='998'><subfield code='a'>11/02/94</subfield><subfield code='s'>9120</subfield><subfield code='n'>NjP</subfield><subfield code='w'>DCLC524576S</subfield><subfield code='d'>04/15/88</subfield><subfield code='c'>SBY</subfield><subfield code='b'>DPK</subfield><subfield code='i'>941102</subfield><subfield code='l'>NJPG</subfield></datafield><datafield ind1=' ' ind2=' ' tag='948'><subfield code='a'>S-RECON</subfield></datafield><datafield ind1=' ' ind2=' ' tag='911'><subfield code='a'>19941111</subfield></datafield><datafield ind1=' ' ind2=' ' tag='912'><subfield code='a'>19941102000000.0</subfield></datafield><datafield ind1='0' ind2='1' tag='852'><subfield code='0'>534137</subfield><subfield code='b'>rcppa</subfield><subfield code='t'>1</subfield><subfield code='h'>HA202</subfield><subfield code='i'>.U581</subfield><subfield code='x'>tr fr f</subfield></datafield><datafield ind1=' ' ind2='0' tag='866'><subfield code='0'>534137</subfield><subfield code='a'>1947, 1949, 1952, 1956, 1962, 1967, 1972, 1977, 1983, 1988, 1994, 2000, 2007</subfield></datafield><datafield ind1=' ' ind2='0' tag='866'><subfield code='0'>534137</subfield><subfield code='z'>CURRENT VOLUME IN: Trustee Reading Room Reference (DR) Ready Reference. Firestone</subfield></datafield><datafield ind1=' ' ind2='0' tag='866'><subfield code='0'>534137</subfield><subfield code='x'>DESIGNATOR: year</subfield></datafield><datafield ind1='0' ind2=' ' tag='852'><subfield code='0'>534138</subfield><subfield code='b'>drrr</subfield><subfield code='h'>HA202</subfield><subfield code='i'>.U581</subfield></datafield><datafield ind1=' ' ind2='0' tag='866'><subfield code='0'>534138</subfield><subfield code='z'>CURRENT VOLUME</subfield></datafield><datafield ind1='0' ind2='1' tag='852'><subfield code='0'>534140</subfield><subfield code='b'>sci</subfield><subfield code='t'>1</subfield><subfield code='h'>HA202</subfield><subfield code='i'>.A36</subfield></datafield><datafield ind1=' ' ind2='0' tag='866'><subfield code='0'>534140</subfield><subfield code='8'>0</subfield><subfield code='a'>1967</subfield></datafield><datafield ind1=' ' ind2='0' tag='866'><subfield code='0'>534140</subfield><subfield code='8'>0</subfield><subfield code='x'>DESIGNATOR: year</subfield></datafield><datafield ind1=' ' ind2=' ' tag='959'><subfield code='a'>2002-04-22 11:15:24 -0500</subfield></datafield></record>