
<record><leader>06387cgm a2201057Ii 4500</leader><controlfield tag='001'>9031545</controlfield><controlfield tag='005'>20150529134344.0</controlfield><controlfield tag='007'>vd cvaizq</controlfield><controlfield tag='008'>150413p20152013ko 113            vlkor d</controlfield><datafield ind1=' ' ind2=' ' tag='035'><subfield code='a'>(OCoLC)ocn910337424</subfield></datafield><datafield ind1=' ' ind2=' ' tag='040'><subfield code='a'>PUL</subfield><subfield code='e'>rda</subfield><subfield code='c'>PUL</subfield><subfield code='d'>PUL</subfield></datafield><datafield ind1='3' ind2=' ' tag='024'><subfield code='a'>8809306459831</subfield></datafield><datafield ind1=' ' ind2=' ' tag='035'><subfield code='a'>(OCoLC)910337424</subfield></datafield><datafield ind1=' ' ind2=' ' tag='043'><subfield code='a'>a-ko---</subfield></datafield><datafield ind1=' ' ind2=' ' tag='046'><subfield code='k'>2013</subfield></datafield><datafield ind1=' ' ind2=' ' tag='079'><subfield code='a'>ocn910337360</subfield></datafield><datafield ind1=' ' ind2=' ' tag='049'><subfield code='a'>PULL</subfield></datafield><datafield ind1='0' ind2=' ' tag='130'><subfield code='6'>880-01</subfield><subfield code='a'>Appa rŭl pillyŏ tŭrimnida (Motion picture : 2013)</subfield></datafield><datafield ind1='1' ind2='0' tag='245'><subfield code='6'>880-02</subfield><subfield code='a'>Appa rŭl pillyŏ tŭrimnida /</subfield><subfield code='c'>paegŭp, Mega Paksŭ (Chu) P&apos;ŭllŏsŭ Em ; paegŭp, chegong, (Chu) Redŭ Robŏ ; chejak, (Chu) Isŭt&apos;ŭ Sŭk&apos;ai P&apos;illŭm, (Chu) Ŏmyujŭ Ent&apos;ŏt&apos;einmŏnt&apos;ŭ ; kamdok, kakpon, Kim Tŏk-su.</subfield></datafield><datafield ind1='1' ind2=' ' tag='246'><subfield code='i'>English title also known as :</subfield><subfield code='a'>Dad for rent</subfield></datafield><datafield ind1=' ' ind2=' ' tag='257'><subfield code='a'>Korea</subfield><subfield code='2'>naf</subfield></datafield><datafield ind1=' ' ind2='1' tag='264'><subfield code='6'>880-03</subfield><subfield code='a'>[Seoul] :</subfield><subfield code='b'>(Chu) Tŏ K&apos;ŏnt&apos;ench&apos;ŭ on Midiŏ,</subfield><subfield code='c'>2015.</subfield></datafield><datafield ind1=' ' ind2=' ' tag='300'><subfield code='a'>1 videodisc (113 min.) :</subfield><subfield code='b'>sound, color ;</subfield><subfield code='c'>4 3/4 in.</subfield></datafield><datafield ind1=' ' ind2=' ' tag='306'><subfield code='a'>015300</subfield></datafield><datafield ind1=' ' ind2=' ' tag='336'><subfield code='a'>two-dimensional moving image</subfield><subfield code='b'>tdi</subfield><subfield code='2'>rdacontent</subfield></datafield><datafield ind1=' ' ind2=' ' tag='337'><subfield code='a'>video</subfield><subfield code='b'>v</subfield><subfield code='2'>rdamedia</subfield></datafield><datafield ind1=' ' ind2=' ' tag='338'><subfield code='a'>videodisc</subfield><subfield code='b'>vd</subfield><subfield code='2'>rdacarrier</subfield></datafield><datafield ind1=' ' ind2=' ' tag='340'><subfield code='b'>4 3/4 in.</subfield></datafield><datafield ind1=' ' ind2=' ' tag='344'><subfield code='a'>digital</subfield><subfield code='b'>optical</subfield><subfield code='g'>surround</subfield><subfield code='h'>Dolby digital 5.1</subfield><subfield code='2'>rda</subfield></datafield><datafield ind1=' ' ind2=' ' tag='346'><subfield code='a'>laser optical</subfield><subfield code='b'>NTSC</subfield><subfield code='2'>rda</subfield></datafield><datafield ind1=' ' ind2=' ' tag='347'><subfield code='a'>video file</subfield><subfield code='b'>DVD video</subfield><subfield code='e'>region all</subfield><subfield code='2'>rda</subfield></datafield><datafield ind1=' ' ind2=' ' tag='380'><subfield code='a'>Motion picture</subfield></datafield><datafield ind1=' ' ind2=' ' tag='500'><subfield code='a'>Originally produced as a motion picture in 2013.</subfield></datafield><datafield ind1=' ' ind2=' ' tag='500'><subfield code='a'>2.35:1 anamorphic widescreen.</subfield></datafield><datafield ind1=' ' ind2=' ' tag='508'><subfield code='6'>880-04</subfield><subfield code='a'>Chejak, Kim Hyŏn-ch&apos;ŏl, Kim Yŏng-im ; ch&apos;waryŏng, Yi Chong-yŏl ; p&apos;yŏnjip, Ch&apos;oe Chae-gŭn, Kim So-yŏn ; ŭmak, Kim Tong-uk, Kwŏn Sŏng-yŏn ; wŏnjak, Hong Pu-yong.</subfield></datafield><datafield ind1='1' ind2=' ' tag='511'><subfield code='6'>880-05</subfield><subfield code='a'>Kim Sang-gyŏng, Mun Chŏng-hŭi, Ch&apos;ae Chŏng-an, Mun Ta-in, Cho Chae-yun, Pang Min-a.</subfield></datafield><datafield ind1=' ' ind2=' ' tag='520'><subfield code='a'>&quot;The story starts with A-young Chae, who came up with an idea of a rental business of her own father. On the day of her school garage sale, A-young presents her father Taeman Chae, claiming that he is her useful item which is not in use, and JT, who craves for a father figure in his life, takes the offer and rents Taeman. Since then, A-young&apos;s puts an advertisement on a website and Taeman&apos;s father rental business expands making it official. However, out of shame, Taeman carries on his business without letting his wife, Jisu know about it. Taeman plays an excellent father figure for others who pay for the service, while neglecting his real family due to his busy schedule. Meanwhile, Jisu suspects Taeman&apos;s double life and figures he is having an affair with JT&apos;s mother, thus making their marriage fall apart. Realizing the crisis upon her family, A-young pays all her savings to rent her own father, Taeman. Taeman and Jisu realizes they have not paid enough attention to their daughter and reclaims their family value once and for all.&quot;--Korean Movie Database (KMDb).</subfield></datafield><datafield ind1=' ' ind2=' ' tag='521'><subfield code='6'>880-06</subfield><subfield code='a'>12-se isang kwallam ka.</subfield></datafield><datafield ind1=' ' ind2='0' tag='650'><subfield code='a'>Families</subfield><subfield code='z'>Korea (South)</subfield><subfield code='v'>Drama.</subfield></datafield><datafield ind1=' ' ind2='0' tag='650'><subfield code='a'>Fathers</subfield><subfield code='z'>Korea (South)</subfield><subfield code='v'>Drama.</subfield></datafield><datafield ind1=' ' ind2='7' tag='655'><subfield code='a'>Feature films.</subfield><subfield code='2'>lcgft</subfield></datafield><datafield ind1=' ' ind2='7' tag='655'><subfield code='a'>Fiction films.</subfield><subfield code='2'>lcgft</subfield></datafield><datafield ind1='1' ind2=' ' tag='700'><subfield code='6'>880-07</subfield><subfield code='a'>Kim, Tŏk-su,</subfield><subfield code='e'>film director,</subfield><subfield code='e'>screenwriter.</subfield></datafield><datafield ind1='1' ind2=' ' tag='700'><subfield code='6'>880-08</subfield><subfield code='a'>Kim, Sang-gyŏng,</subfield><subfield code='d'>1972-</subfield><subfield code='e'>actor.</subfield></datafield><datafield ind1='1' ind2=' ' tag='700'><subfield code='6'>880-09</subfield><subfield code='a'>Mun, Chŏng-hŭi,</subfield><subfield code='d'>1976-</subfield><subfield code='e'>actor.</subfield></datafield><datafield ind1='1' ind2=' ' tag='700'><subfield code='6'>880-10</subfield><subfield code='a'>Ch&apos;ae, Chŏng-an,</subfield><subfield code='d'>1977-</subfield><subfield code='e'>actor.</subfield></datafield><datafield ind1='1' ind2=' ' tag='700'><subfield code='6'>880-11</subfield><subfield code='a'>Mun, Ta-in,</subfield><subfield code='e'>actor.</subfield></datafield><datafield ind1='1' ind2=' ' tag='700'><subfield code='6'>880-12</subfield><subfield code='a'>Cho, Chae-yun,</subfield><subfield code='e'>actor.</subfield></datafield><datafield ind1='1' ind2=' ' tag='700'><subfield code='6'>880-13</subfield><subfield code='a'>Pang, Min-a,</subfield><subfield code='e'>actor.</subfield></datafield><datafield ind1='1' ind2=' ' tag='700'><subfield code='6'>880-14</subfield><subfield code='a'>Kim, Hyŏn-ch&apos;ŏl,</subfield><subfield code='e'>film producer.</subfield></datafield><datafield ind1='1' ind2=' ' tag='700'><subfield code='6'>880-15</subfield><subfield code='a'>Kim, Yŏng-im,</subfield><subfield code='e'>film producer.</subfield></datafield><datafield ind1='1' ind2=' ' tag='700'><subfield code='6'>880-16</subfield><subfield code='a'>Yi, Chong-yŏl,</subfield><subfield code='e'>cinematographer.</subfield></datafield><datafield ind1='1' ind2=' ' tag='700'><subfield code='6'>880-17</subfield><subfield code='a'>Ch&apos;oe, Chae-gŭn,</subfield><subfield code='e'>film editor.</subfield></datafield><datafield ind1='1' ind2=' ' tag='700'><subfield code='6'>880-18</subfield><subfield code='a'>Kim So-yŏn,</subfield><subfield code='e'>film editor.</subfield></datafield><datafield ind1='1' ind2=' ' tag='700'><subfield code='6'>880-19</subfield><subfield code='a'>Kim, Tong-uk,</subfield><subfield code='e'>musical director.</subfield></datafield><datafield ind1='1' ind2=' ' tag='700'><subfield code='6'>880-20</subfield><subfield code='a'>Kwŏn Sŏng-yŏn,</subfield><subfield code='e'>musical director.</subfield></datafield><datafield ind1='1' ind2=' ' tag='700'><subfield code='6'>880-21</subfield><subfield code='i'>motion picture adaptation of (work) :</subfield><subfield code='a'>Hong, Pu-yong.</subfield><subfield code='t'>Appa rŭl pillyŏ tŭrimnida.</subfield></datafield><datafield ind1='2' ind2=' ' tag='710'><subfield code='6'>880-22</subfield><subfield code='a'>Mega Paksŭ (Chu) P&apos;ŭllŏsŭ Em (Firm),</subfield><subfield code='e'>film distributer.</subfield></datafield><datafield ind1='2' ind2=' ' tag='710'><subfield code='6'>880-23</subfield><subfield code='a'>Redŭ Robŏ (Firm),</subfield><subfield code='e'>presenter,</subfield><subfield code='e'>film distributer.</subfield></datafield><datafield ind1='2' ind2=' ' tag='710'><subfield code='6'>880-24</subfield><subfield code='a'>Isŭt&apos;ŭ Sŭk&apos;ai P&apos;illŭm (Firm),</subfield><subfield code='e'>production company.</subfield></datafield><datafield ind1='2' ind2=' ' tag='710'><subfield code='6'>880-25</subfield><subfield code='a'>Ŏmyujŭ Ent&apos;ŏt&apos;einmŏnt&apos;ŭ (Firm),</subfield><subfield code='e'>production company.</subfield></datafield><datafield ind1='2' ind2=' ' tag='710'><subfield code='6'>880-26</subfield><subfield code='a'>Tŏ K&apos;ŏnt&apos;ench&apos;ŭ on Midiŏ (Firm),</subfield><subfield code='e'>publisher.</subfield></datafield><datafield ind1='0' ind2=' ' tag='880'><subfield code='6'>130-01</subfield><subfield code='a'>아빠를빌려드립니다 (Motion picture : 2013)</subfield></datafield><datafield ind1='1' ind2='0' tag='880'><subfield code='6'>245-02</subfield><subfield code='a'>아빠를빌려드립니다 /</subfield><subfield code='c'>배급, 메가박스(주)플러스엠 ; 배급, 제공, (주)레드로버 ; 제작, (주)이스트스카이필름, (주)어뮤즈엔터테인먼트 ; 감독, 각본, 김덕수.</subfield></datafield><datafield ind1=' ' ind2='1' tag='880'><subfield code='6'>264-03</subfield><subfield code='a'>[Seoul] :</subfield><subfield code='b'>(주)더컨텐츠온미디어,</subfield><subfield code='c'>2015.</subfield></datafield><datafield ind1=' ' ind2=' ' tag='880'><subfield code='6'>508-04</subfield><subfield code='a'>제작, 김현철, 김영임 ; 촬영, 이종열 ; 편집, 최재근, 김소연 ; 음악, 김동욱, 권성연 ; 원작, 홍부용.</subfield></datafield><datafield ind1='1' ind2=' ' tag='880'><subfield code='6'>511-05</subfield><subfield code='a'>김상경, 문정희, 채정안, 문다인, 조재윤, 방민아.</subfield></datafield><datafield ind1=' ' ind2=' ' tag='880'><subfield code='6'>521-06</subfield><subfield code='a'>12세이상관람가.</subfield></datafield><datafield ind1='1' ind2=' ' tag='880'><subfield code='6'>700-07</subfield><subfield code='a'>김덕수,</subfield><subfield code='e'>film director,</subfield><subfield code='e'>screenwriter.</subfield></datafield><datafield ind1='1' ind2=' ' tag='880'><subfield code='6'>700-08</subfield><subfield code='a'>김상경,</subfield><subfield code='d'>1972-</subfield><subfield code='e'>actor.</subfield></datafield><datafield ind1='1' ind2=' ' tag='880'><subfield code='6'>700-09</subfield><subfield code='a'>문정희,</subfield><subfield code='d'>1976-</subfield><subfield code='e'>actor.</subfield></datafield><datafield ind1='1' ind2=' ' tag='880'><subfield code='6'>700-10</subfield><subfield code='a'>채정안,</subfield><subfield code='d'>1977-</subfield><subfield code='e'>actor.</subfield></datafield><datafield ind1='1' ind2=' ' tag='880'><subfield code='6'>700-11</subfield><subfield code='a'>문다인,</subfield><subfield code='e'>actor.</subfield></datafield><datafield ind1='1' ind2=' ' tag='880'><subfield code='6'>700-12</subfield><subfield code='a'>조재윤,</subfield><subfield code='e'>actor.</subfield></datafield><datafield ind1='1' ind2=' ' tag='880'><subfield code='6'>700-13</subfield><subfield code='a'>방민아,</subfield><subfield code='e'>actor.</subfield></datafield><datafield ind1='1' ind2=' ' tag='880'><subfield code='6'>700-14</subfield><subfield code='a'>김현철,</subfield><subfield code='e'>film producer.</subfield></datafield><datafield ind1='1' ind2=' ' tag='880'><subfield code='6'>700-15</subfield><subfield code='a'>김영임,</subfield><subfield code='e'>film producer.</subfield></datafield><datafield ind1='1' ind2=' ' tag='880'><subfield code='6'>700-16</subfield><subfield code='a'>이종열,</subfield><subfield code='e'>cinematographer.</subfield></datafield><datafield ind1='1' ind2=' ' tag='880'><subfield code='6'>700-17</subfield><subfield code='a'>최재근,</subfield><subfield code='e'>film editor.</subfield></datafield><datafield ind1='1' ind2=' ' tag='880'><subfield code='6'>700-18</subfield><subfield code='a'>김소연,</subfield><subfield code='e'>film editor.</subfield></datafield><datafield ind1='1' ind2=' ' tag='880'><subfield code='6'>700-19</subfield><subfield code='a'>김동욱,</subfield><subfield code='e'>musical director.</subfield></datafield><datafield ind1='1' ind2=' ' tag='880'><subfield code='6'>700-20</subfield><subfield code='a'>권성연,</subfield><subfield code='e'>musical director.</subfield></datafield><datafield ind1='1' ind2=' ' tag='880'><subfield code='6'>700-21</subfield><subfield code='i'>motion picture adaptation of (work) :</subfield><subfield code='a'>홍부용,</subfield><subfield code='t'>아빠를빌려드립니다.</subfield></datafield><datafield ind1='2' ind2=' ' tag='880'><subfield code='6'>710-22</subfield><subfield code='a'>메가박스(주)플러스엠 (Firm),</subfield><subfield code='e'>film distributer.</subfield></datafield><datafield ind1='2' ind2=' ' tag='880'><subfield code='6'>710-23</subfield><subfield code='a'>레드로버 (Firm),</subfield><subfield code='e'>presenter,</subfield><subfield code='e'>film distributer.</subfield></datafield><datafield ind1='2' ind2=' ' tag='880'><subfield code='6'>710-24</subfield><subfield code='a'>이스트스카이필름 (Firm),</subfield><subfield code='e'>production company.</subfield></datafield><datafield ind1='2' ind2=' ' tag='880'><subfield code='6'>710-25</subfield><subfield code='a'>어뮤즈엔터테인먼트 (Firm),</subfield><subfield code='e'>production company.</subfield></datafield><datafield ind1='2' ind2=' ' tag='880'><subfield code='6'>710-26</subfield><subfield code='a'>더컨텐츠온미디어 (Firm),</subfield><subfield code='e'>publisher.</subfield></datafield><datafield ind1=' ' ind2=' ' tag='902'><subfield code='a'>hle</subfield><subfield code='s'>hle</subfield><subfield code='b'>o</subfield><subfield code='6'>g</subfield><subfield code='7'>m</subfield><subfield code='d'>e</subfield><subfield code='f'>1</subfield><subfield code='e'>20150529</subfield></datafield><datafield ind1=' ' ind2=' ' tag='904'><subfield code='a'>hle</subfield><subfield code='b'>o</subfield><subfield code='h'>m</subfield><subfield code='c'>v</subfield><subfield code='e'>20150413</subfield></datafield><datafield ind1=' ' ind2=' ' tag='994'><subfield code='a'>C0</subfield><subfield code='b'>PUL</subfield></datafield><datafield ind1='8' ind2=' ' tag='852'><subfield code='0'>8941456</subfield><subfield code='b'>rcpqv</subfield><subfield code='h'>DVD 10193</subfield><subfield code='x'>tr fr vidl</subfield></datafield><datafield ind1=' ' ind2=' ' tag='959'><subfield code='a'>2015-05-07 10:59:42 -0500</subfield></datafield></record>