
<record><leader>04966nmm a2200733   4500</leader><controlfield tag='001'>9088928</controlfield><controlfield tag='005'>20150602121648.0</controlfield><controlfield tag='006'>m    f   a u      </controlfield><controlfield tag='007'>cr mn mmmmuuuu</controlfield><controlfield tag='008'>150323s2015    miu    f   a        eng d</controlfield><datafield ind1=' ' ind2=' ' tag='035'><subfield code='a'>(MiAaI)ICPSR35465</subfield></datafield><datafield ind1=' ' ind2=' ' tag='040'><subfield code='a'>MiAaI</subfield><subfield code='c'>MiAaI</subfield></datafield><datafield ind1=' ' ind2=' ' tag='090'><subfield code='a'>Electronic Resource</subfield></datafield><datafield ind1='0' ind2='0' tag='245'><subfield code='a'>Afrobarometer Round 5</subfield><subfield code='h'>[electronic resource] :</subfield><subfield code='b'>The Quality of Democracy and Governance in Benin, 2011</subfield><subfield code='c'>Institute for Empirical Research in Political Economy, Michael Bratton, E. Gyimah-Boadi, Carolyn Logan</subfield></datafield><datafield ind1=' ' ind2=' ' tag='250'><subfield code='a'>2015-03-19</subfield></datafield><datafield ind1=' ' ind2=' ' tag='260'><subfield code='a'>Ann Arbor, Mich. :</subfield><subfield code='b'>Inter-university Consortium for Political and Social Research [distributor],</subfield><subfield code='c'>2015</subfield></datafield><datafield ind1='1' ind2=' ' tag='490'><subfield code='a'>ICPSR ;</subfield><subfield code='v'>35465</subfield></datafield><datafield ind1=' ' ind2=' ' tag='516'><subfield code='a'>Numeric</subfield></datafield><datafield ind1=' ' ind2=' ' tag='500'><subfield code='a'>Title from ICPSR DDI metadata of 2015-03-23.</subfield></datafield><datafield ind1=' ' ind2=' ' tag='506'><subfield code='a'>AVAILABLE. This study is freely available to ICPSR member institutions.</subfield></datafield><datafield ind1=' ' ind2=' ' tag='530'><subfield code='a'>Also available as downloadable files.</subfield></datafield><datafield ind1='3' ind2=' ' tag='520'><subfield code='a'>The Afrobarometer project was designed to collect and disseminate information regarding Africans&apos; views on democracy, governance, economic reform, civil society, and quality of life. This particular survey was concerned with the attitudes and opinions of the citizens of Benin. Respondents in a face-to-face interview were asked to rate their president and the president&apos;s administration in overall performance, to state the most important issues facing their nation, and to evaluate the effectiveness of certain continental and international institutions. Opinions were gathered on the role of the government in improving the economy, whether corruption existed in local and national government, whether government officials were responsive to problems of the general population, and whether local government officials, the police, the courts, the overall criminal justice system, the National Electoral Commission, and the government broadcasting service could be trusted. Respondents were polled on their knowledge of the government, including the identification of government officials, their level of personal involvement in political, governmental, and community affairs, their participation in national elections, and the inclusiveness of the government. Economic questions addressed the past, present, and future of the country&apos;s and the respondents&apos; economic conditions, and respondents&apos; living conditions. Round 5 surveys included special modules on taxation; gender issues; crime, conflict and insecurity; globalization; and social service delivery. Background variables include age, gender, ethnicity, education, religious affiliation and participation, political party affiliation, language spoken most at home, whether the respondent was the head of household, current and past employment status, whether a close friend or relative had died from AIDS, and language used in interview. In addition, the interviewer&apos;s gender, race, and education level is provided. Cf.: http://doi.org/10.3886/ICPSR35465</subfield></datafield><datafield ind1=' ' ind2='7' tag='650'><subfield code='a'>AIDS</subfield><subfield code='2'>icpsr</subfield></datafield><datafield ind1=' ' ind2='7' tag='650'><subfield code='a'>community involvement</subfield><subfield code='2'>icpsr</subfield></datafield><datafield ind1=' ' ind2='7' tag='650'><subfield code='a'>corruption</subfield><subfield code='2'>icpsr</subfield></datafield><datafield ind1=' ' ind2='7' tag='650'><subfield code='a'>democracy</subfield><subfield code='2'>icpsr</subfield></datafield><datafield ind1=' ' ind2='7' tag='650'><subfield code='a'>economic conditions</subfield><subfield code='2'>icpsr</subfield></datafield><datafield ind1=' ' ind2='7' tag='650'><subfield code='a'>gender issues</subfield><subfield code='2'>icpsr</subfield></datafield><datafield ind1=' ' ind2='7' tag='650'><subfield code='a'>globalization</subfield><subfield code='2'>icpsr</subfield></datafield><datafield ind1=' ' ind2='7' tag='650'><subfield code='a'>government</subfield><subfield code='2'>icpsr</subfield></datafield><datafield ind1=' ' ind2='7' tag='650'><subfield code='a'>government performance</subfield><subfield code='2'>icpsr</subfield></datafield><datafield ind1=' ' ind2='7' tag='650'><subfield code='a'>HIV</subfield><subfield code='2'>icpsr</subfield></datafield><datafield ind1=' ' ind2='7' tag='650'><subfield code='a'>information sources</subfield><subfield code='2'>icpsr</subfield></datafield><datafield ind1=' ' ind2='7' tag='650'><subfield code='a'>legislatures</subfield><subfield code='2'>icpsr</subfield></datafield><datafield ind1=' ' ind2='7' tag='650'><subfield code='a'>living conditions</subfield><subfield code='2'>icpsr</subfield></datafield><datafield ind1=' ' ind2='7' tag='650'><subfield code='a'>local government</subfield><subfield code='2'>icpsr</subfield></datafield><datafield ind1=' ' ind2='7' tag='650'><subfield code='a'>macroeconomics</subfield><subfield code='2'>icpsr</subfield></datafield><datafield ind1=' ' ind2='7' tag='650'><subfield code='a'>markets</subfield><subfield code='2'>icpsr</subfield></datafield><datafield ind1=' ' ind2='7' tag='650'><subfield code='a'>national interests</subfield><subfield code='2'>icpsr</subfield></datafield><datafield ind1=' ' ind2='7' tag='650'><subfield code='a'>police</subfield><subfield code='2'>icpsr</subfield></datafield><datafield ind1=' ' ind2='7' tag='650'><subfield code='a'>political attitudes</subfield><subfield code='2'>icpsr</subfield></datafield><datafield ind1=' ' ind2='7' tag='650'><subfield code='a'>political change</subfield><subfield code='2'>icpsr</subfield></datafield><datafield ind1=' ' ind2='7' tag='650'><subfield code='a'>political corruption</subfield><subfield code='2'>icpsr</subfield></datafield><datafield ind1=' ' ind2='7' tag='650'><subfield code='a'>political participation</subfield><subfield code='2'>icpsr</subfield></datafield><datafield ind1=' ' ind2='7' tag='650'><subfield code='a'>political systems</subfield><subfield code='2'>icpsr</subfield></datafield><datafield ind1=' ' ind2='7' tag='650'><subfield code='a'>presidential performance</subfield><subfield code='2'>icpsr</subfield></datafield><datafield ind1=' ' ind2='7' tag='650'><subfield code='a'>presidents</subfield><subfield code='2'>icpsr</subfield></datafield><datafield ind1=' ' ind2='7' tag='650'><subfield code='a'>public confidence</subfield><subfield code='2'>icpsr</subfield></datafield><datafield ind1=' ' ind2='7' tag='650'><subfield code='a'>public opinion</subfield><subfield code='2'>icpsr</subfield></datafield><datafield ind1=' ' ind2='7' tag='650'><subfield code='a'>quality of life</subfield><subfield code='2'>icpsr</subfield></datafield><datafield ind1=' ' ind2='7' tag='650'><subfield code='a'>social attitudes</subfield><subfield code='2'>icpsr</subfield></datafield><datafield ind1=' ' ind2='7' tag='650'><subfield code='a'>social services</subfield><subfield code='2'>icpsr</subfield></datafield><datafield ind1=' ' ind2='7' tag='650'><subfield code='a'>standard of living</subfield><subfield code='2'>icpsr</subfield></datafield><datafield ind1=' ' ind2='7' tag='650'><subfield code='a'>taxes</subfield><subfield code='2'>icpsr</subfield></datafield><datafield ind1=' ' ind2='7' tag='650'><subfield code='a'>trust in government</subfield><subfield code='2'>icpsr</subfield></datafield><datafield ind1='0' ind2=' ' tag='653'><subfield code='a'>ICPSR XIV.C.2. Mass Political Behavior and Attitudes, Public Opinion on Political Matters, Nations Other Than the United States</subfield><subfield code='a'>ICPSR XIV. Mass Political Behavior and Attitudes</subfield><subfield code='a'>ICPSR XIV.C. Mass Political Behavior and Attitudes, Public Opinion on Political Matters</subfield></datafield><datafield ind1='2' ind2=' ' tag='710'><subfield code='a'>Institute for Empirical Research in Political Economy</subfield></datafield><datafield ind1='1' ind2=' ' tag='700'><subfield code='a'>Bratton, Michael</subfield><subfield code='u'>Michigan State University</subfield></datafield><datafield ind1='1' ind2=' ' tag='700'><subfield code='a'>Gyimah-Boadi, E.</subfield><subfield code='u'>Ghana Center for Democratic Development</subfield></datafield><datafield ind1='1' ind2=' ' tag='700'><subfield code='a'>Logan, Carolyn</subfield><subfield code='u'>Michigan State University</subfield></datafield><datafield ind1='2' ind2=' ' tag='710'><subfield code='a'>Inter-university Consortium for Political and Social Research.</subfield></datafield><datafield ind1=' ' ind2='0' tag='830'><subfield code='a'>ICPSR ;</subfield><subfield code='v'>35465</subfield></datafield><datafield ind1='4' ind2='0' tag='856'><subfield code='u'>http://doi.org/10.3886/ICPSR35465</subfield></datafield><datafield ind1=' ' ind2=' ' tag='902'><subfield code='a'>jwl</subfield><subfield code='b'>z</subfield><subfield code='6'>m</subfield><subfield code='7'>m</subfield><subfield code='d'>w</subfield><subfield code='f'>0</subfield><subfield code='e'>20150602</subfield></datafield><datafield ind1='8' ind2=' ' tag='852'><subfield code='0'>8989180</subfield><subfield code='b'>elf1</subfield><subfield code='h'>Electronic Resource</subfield></datafield><datafield ind1=' ' ind2=' ' tag='959'><subfield code='a'>2015-06-02 12:16:48 -0500</subfield></datafield></record>