
<record><leader>01753cam a22003494a 4500</leader><controlfield tag='001'>5291883</controlfield><controlfield tag='005'>20071003124544.0</controlfield><controlfield tag='008'>070502s2007    nju      b    001 0 eng  </controlfield><datafield ind1=' ' ind2=' ' tag='010'><subfield code='a'>  2007018609</subfield></datafield><datafield ind1=' ' ind2=' ' tag='035'><subfield code='a'>(OCoLC)ocn124074888</subfield></datafield><datafield ind1=' ' ind2=' ' tag='040'><subfield code='a'>DLC</subfield><subfield code='c'>DLC</subfield><subfield code='d'>BAKER</subfield><subfield code='d'>BTCTA</subfield><subfield code='d'>UKM</subfield><subfield code='d'>C#P</subfield></datafield><datafield ind1=' ' ind2=' ' tag='015'><subfield code='a'>GBA759871</subfield><subfield code='2'>bnb</subfield></datafield><datafield ind1='7' ind2=' ' tag='016'><subfield code='a'>013805629</subfield><subfield code='2'>Uk</subfield></datafield><datafield ind1=' ' ind2=' ' tag='020'><subfield code='a'>9780691134970 (hardcover : alk. paper)</subfield></datafield><datafield ind1=' ' ind2=' ' tag='020'><subfield code='a'>0691134979 (hardcover : alk. paper)</subfield></datafield><datafield ind1=' ' ind2=' ' tag='035'><subfield code='a'>(OCoLC)124074888</subfield></datafield><datafield ind1=' ' ind2=' ' tag='043'><subfield code='a'>n-us---</subfield></datafield><datafield ind1='0' ind2='0' tag='050'><subfield code='a'>KF8742</subfield><subfield code='b'>.E357 2007</subfield></datafield><datafield ind1='0' ind2='0' tag='082'><subfield code='a'>347.73/2634</subfield><subfield code='2'>22</subfield></datafield><datafield ind1='1' ind2=' ' tag='100'><subfield code='a'>Eisgruber, Christopher L.</subfield></datafield><datafield ind1='1' ind2='4' tag='245'><subfield code='a'>The next Justice :</subfield><subfield code='b'>repairing the Supreme Court appointments process /</subfield><subfield code='c'>Christopher L. Eisgruber.</subfield></datafield><datafield ind1=' ' ind2=' ' tag='260'><subfield code='a'>Princeton :</subfield><subfield code='b'>Princeton University Press,</subfield><subfield code='c'>c2007.</subfield></datafield><datafield ind1=' ' ind2=' ' tag='300'><subfield code='a'>xiii, 239 p. ;</subfield><subfield code='c'>25 cm.</subfield></datafield><datafield ind1=' ' ind2=' ' tag='504'><subfield code='a'>Includes bibliographical references (p. 193-224) and index.</subfield></datafield><datafield ind1='0' ind2=' ' tag='505'><subfield code='a'>A broken process in partisan times -- Why judges cannot avoid political controversy -- The incoherence of judicial restraint -- Politics at the court -- Why judges sometimes agree when politicians cannot -- Judicial philosophies and why they matter -- How presidents have raised the stakes -- Should the Senate defer to the president? -- How to change the hearings -- What kinds of justices should we want? -- The path forward.</subfield></datafield><datafield ind1='1' ind2='0' tag='610'><subfield code='a'>United States.</subfield><subfield code='b'>Supreme Court</subfield><subfield code='x'>Officials and employees</subfield><subfield code='x'>Selection and appointment.</subfield></datafield><datafield ind1=' ' ind2='0' tag='650'><subfield code='a'>Judges</subfield><subfield code='x'>Selection and appointment</subfield><subfield code='z'>United States.</subfield></datafield><datafield ind1=' ' ind2='0' tag='650'><subfield code='a'>Political questions and judicial power</subfield><subfield code='z'>United States.</subfield></datafield><datafield ind1='4' ind2='1' tag='856'><subfield code='3'>Table of contents only</subfield><subfield code='u'>http://www.loc.gov/catdir/toc/ecip0717/2007018609.html</subfield></datafield><datafield ind1=' ' ind2=' ' tag='994'><subfield code='a'>Z0</subfield><subfield code='b'>PUL</subfield></datafield><datafield ind1=' ' ind2=' ' tag='902'><subfield code='a'>abt</subfield><subfield code='b'>l</subfield><subfield code='6'>a</subfield><subfield code='7'>m</subfield><subfield code='d'>v</subfield><subfield code='f'>2</subfield><subfield code='e'>20071003</subfield></datafield><datafield ind1=' ' ind2=' ' tag='904'><subfield code='a'>abt</subfield><subfield code='b'>g</subfield><subfield code='h'>m</subfield><subfield code='c'>b</subfield><subfield code='e'>20071003</subfield></datafield><datafield ind1='0' ind2=' ' tag='852'><subfield code='0'>5460388</subfield><subfield code='b'>f</subfield><subfield code='h'>KF8742</subfield><subfield code='i'>.E357 2007</subfield></datafield><datafield ind1='0' ind2=' ' tag='852'><subfield code='0'>5460400</subfield><subfield code='b'>f</subfield><subfield code='t'>2</subfield><subfield code='h'>KF8742</subfield><subfield code='i'>.E357 2007</subfield></datafield><datafield ind1=' ' ind2=' ' tag='959'><subfield code='a'>2007-10-03 12:51:05 -0500</subfield></datafield></record>