
<record><leader>01860nam a2200361 a 4500</leader><controlfield tag='001'>9026021</controlfield><controlfield tag='005'>20150409102728.0</controlfield><controlfield tag='006'>m     o  d        </controlfield><controlfield tag='007'>cr mn |||||a|a</controlfield><controlfield tag='008'>070502s2007    nju     ob    001 0 eng  </controlfield><datafield ind1=' ' ind2=' ' tag='010'><subfield code='z'>  2007018609</subfield></datafield><datafield ind1=' ' ind2=' ' tag='015'><subfield code='a'>GBA759871</subfield><subfield code='2'>bnb</subfield></datafield><datafield ind1='7' ind2=' ' tag='016'><subfield code='z'>013805629</subfield><subfield code='2'>Uk</subfield></datafield><datafield ind1=' ' ind2=' ' tag='020'><subfield code='z'>9780691134970 (hardcover : alk. paper)</subfield></datafield><datafield ind1=' ' ind2=' ' tag='020'><subfield code='z'>0691134979 (hardcover : alk. paper)</subfield></datafield><datafield ind1=' ' ind2=' ' tag='035'><subfield code='a'>(CaMvEBR)ebr10386064</subfield></datafield><datafield ind1=' ' ind2=' ' tag='040'><subfield code='a'>CaMvEBR</subfield><subfield code='c'>CaMvEBR</subfield></datafield><datafield ind1=' ' ind2=' ' tag='043'><subfield code='a'>n-us---</subfield></datafield><datafield ind1='1' ind2='4' tag='050'><subfield code='a'>KF8742</subfield><subfield code='b'>.E357 2007eb</subfield></datafield><datafield ind1='0' ind2='4' tag='082'><subfield code='a'>347.73/2634</subfield><subfield code='2'>22</subfield></datafield><datafield ind1=' ' ind2=' ' tag='090'><subfield code='a'>Electronic Resource</subfield></datafield><datafield ind1='1' ind2=' ' tag='100'><subfield code='a'>Eisgruber, Christopher L.</subfield></datafield><datafield ind1='1' ind2='4' tag='245'><subfield code='a'>The next justice</subfield><subfield code='h'>[electronic resource] :</subfield><subfield code='b'>repairing the Supreme Court appointments process /</subfield><subfield code='c'>Christopher L. Eisgruber.</subfield></datafield><datafield ind1=' ' ind2=' ' tag='260'><subfield code='a'>Princeton :</subfield><subfield code='b'>Princeton University Press,</subfield><subfield code='c'>c2007.</subfield></datafield><datafield ind1=' ' ind2=' ' tag='300'><subfield code='a'>xiii, 239 p.</subfield></datafield><datafield ind1=' ' ind2=' ' tag='504'><subfield code='a'>Includes bibliographical references and index.</subfield></datafield><datafield ind1='0' ind2=' ' tag='505'><subfield code='a'>A broken process in partisan times -- Why judges cannot avoid political controversy -- The incoherence of judicial restraint -- Politics at the court -- Why judges sometimes agree when politicians cannot -- Judicial philosophies and why they matter -- How presidents have raised the stakes -- Should the Senate defer to the president? -- How to change the hearings -- What kinds of justices should we want? -- The path forward.</subfield></datafield><datafield ind1=' ' ind2=' ' tag='533'><subfield code='a'>Electronic reproduction.</subfield><subfield code='b'>Palo Alto, Calif. :</subfield><subfield code='c'>ebrary,</subfield><subfield code='d'>2013.</subfield><subfield code='n'>Available via World Wide Web.</subfield><subfield code='n'>Access may be limited to ebrary affiliated libraries.</subfield></datafield><datafield ind1='1' ind2='0' tag='610'><subfield code='a'>United States.</subfield><subfield code='b'>Supreme Court</subfield><subfield code='x'>Officials and employees</subfield><subfield code='x'>Selection and appointment.</subfield></datafield><datafield ind1=' ' ind2='0' tag='650'><subfield code='a'>Judges</subfield><subfield code='x'>Selection and appointment</subfield><subfield code='z'>United States.</subfield></datafield><datafield ind1=' ' ind2='0' tag='650'><subfield code='a'>Political questions and judicial power</subfield><subfield code='z'>United States.</subfield></datafield><datafield ind1='2' ind2=' ' tag='710'><subfield code='a'>ebrary, Inc.</subfield></datafield><datafield ind1='4' ind2='0' tag='856'><subfield code='u'>http://site.ebrary.com/lib/princeton/Doc?id=10386064</subfield></datafield><datafield ind1='8' ind2=' ' tag='852'><subfield code='0'>8936233</subfield><subfield code='b'>elf1</subfield><subfield code='h'>Electronic Resource</subfield></datafield><datafield ind1=' ' ind2=' ' tag='959'><subfield code='a'>2015-04-09 10:27:28 -0500</subfield></datafield></record>