
<record><leader>03177cgm a2200673Ia 4500</leader><controlfield tag='001'>7058493</controlfield><controlfield tag='005'>20150403104504.0</controlfield><controlfield tag='007'>vd cvaizq</controlfield><controlfield tag='008'>050418s2005    it 116 g          vlita d</controlfield><datafield ind1=' ' ind2=' ' tag='035'><subfield code='a'>(OCoLC)ocm59109978</subfield></datafield><datafield ind1=' ' ind2=' ' tag='040'><subfield code='a'>TEFMT</subfield><subfield code='b'>eng</subfield><subfield code='c'>TEFMT</subfield><subfield code='d'>SXP</subfield><subfield code='d'>RCS</subfield><subfield code='d'>LML</subfield><subfield code='d'>OCLCA</subfield><subfield code='d'>BTCTA</subfield><subfield code='d'>JED</subfield><subfield code='d'>PAU</subfield><subfield code='d'>OCLCA</subfield><subfield code='d'>OCLCQ</subfield></datafield><datafield ind1=' ' ind2=' ' tag='019'><subfield code='a'>123090930</subfield></datafield><datafield ind1=' ' ind2=' ' tag='020'><subfield code='a'>1417200715</subfield></datafield><datafield ind1=' ' ind2=' ' tag='020'><subfield code='a'>9781417200719</subfield></datafield><datafield ind1='1' ind2=' ' tag='024'><subfield code='a'>741952304197</subfield></datafield><datafield ind1='7' ind2=' ' tag='024'><subfield code='a'>00741952304197</subfield><subfield code='2'>gtin-14</subfield></datafield><datafield ind1='4' ind2='2' tag='028'><subfield code='a'>KLF-DV-3041</subfield><subfield code='b'>Koch Lorber Films</subfield></datafield><datafield ind1=' ' ind2=' ' tag='035'><subfield code='a'>(OCoLC)59109978</subfield><subfield code='z'>(OCoLC)123090930</subfield></datafield><datafield ind1='0' ind2=' ' tag='041'><subfield code='a'>ita</subfield><subfield code='j'>eng</subfield></datafield><datafield ind1=' ' ind2=' ' tag='043'><subfield code='a'>e-it---</subfield></datafield><datafield ind1=' ' ind2='4' tag='050'><subfield code='a'>PN1998.3.F45</subfield><subfield code='b'>F43 2005</subfield></datafield><datafield ind1='0' ind2='4' tag='082'><subfield code='a'>791.4302/33/092</subfield><subfield code='2'>22</subfield></datafield><datafield ind1='0' ind2='0' tag='245'><subfield code='a'>Intervista</subfield><subfield code='h'>[videorecording] /</subfield><subfield code='c'>Federico Fellini ; prodotto da Ibrahim Moussa per la Aljosha Productions con la collaborazione di RAI 1-Cinecittà ; [written by Gianfranco Angelucci, Federico Fellini] ; diretto da Federico Fellini.</subfield></datafield><datafield ind1='1' ind2=' ' tag='246'><subfield code='i'>Disc label title:</subfield><subfield code='a'>Federico Fellini&apos;s Intervista</subfield></datafield><datafield ind1=' ' ind2=' ' tag='260'><subfield code='a'>Port Washington, NY :</subfield><subfield code='b'>Koch Lorber Films :</subfield><subfield code='b'>Distributed by KOCH Vision,</subfield><subfield code='c'>c2005.</subfield></datafield><datafield ind1=' ' ind2=' ' tag='300'><subfield code='a'>1 videodisc (116 min.) :</subfield><subfield code='b'>sd., col. ;</subfield><subfield code='c'>4 3/4 in.</subfield></datafield><datafield ind1=' ' ind2=' ' tag='538'><subfield code='a'>DVD; Dolby Digital 5.1 surround.</subfield></datafield><datafield ind1=' ' ind2=' ' tag='546'><subfield code='a'>In Italian with optional English subtitles.</subfield></datafield><datafield ind1='1' ind2=' ' tag='511'><subfield code='a'>Marcello Mastroianni, Anita Ekberg, Sergio Rubini, Antonella Ponzi, Maurizio Mein, Paola Liguori, Antonio Cantafora, Nadia Ottavani.</subfield></datafield><datafield ind1=' ' ind2=' ' tag='508'><subfield code='a'>Director of photography, Tonino Delli Colli ; editing, Nino Baragli ; music, Nicola Piovani.</subfield></datafield><datafield ind1=' ' ind2=' ' tag='500'><subfield code='a'>Some credits from container.</subfield></datafield><datafield ind1=' ' ind2=' ' tag='500'><subfield code='a'>Originally produced as a motion picture in 1987.</subfield></datafield><datafield ind1=' ' ind2=' ' tag='500'><subfield code='a'>&quot;Aspect ratio 1.85:1, 16X9 anamorphic widescreen&quot;--Container.</subfield></datafield><datafield ind1=' ' ind2=' ' tag='520'><subfield code='a'>&quot;A Japanese film crew interviews Fellini about his career as he films the memories of his life as a young journalist walking into his beloved studio Cinecitta for the first time&quot;--Container.</subfield></datafield><datafield ind1=' ' ind2=' ' tag='500'><subfield code='a'>Special features: Fellini documentary by Vincenzo Mollica in Italian; theatrical trailer; photo montage from the set.</subfield></datafield><datafield ind1=' ' ind2=' ' tag='586'><subfield code='a'>Special Jury Award, Cannes Film Festival; Grand Prix Award, Moscow Film Festival; A.G.I.S. BNL Award.</subfield></datafield><datafield ind1='1' ind2='0' tag='600'><subfield code='a'>Fellini, Federico</subfield><subfield code='v'>Interviews.</subfield></datafield><datafield ind1='1' ind2='0' tag='600'><subfield code='a'>Fellini, Federico</subfield><subfield code='v'>Drama.</subfield></datafield><datafield ind1=' ' ind2='0' tag='650'><subfield code='a'>Motion picture producers and directors</subfield><subfield code='z'>Italy</subfield><subfield code='v'>Drama.</subfield></datafield><datafield ind1=' ' ind2='0' tag='650'><subfield code='a'>Journalists</subfield><subfield code='z'>Italy</subfield><subfield code='v'>Drama.</subfield></datafield><datafield ind1=' ' ind2='0' tag='650'><subfield code='a'>Motion picture industry</subfield><subfield code='z'>Italy</subfield><subfield code='v'>Drama.</subfield></datafield><datafield ind1=' ' ind2='0' tag='650'><subfield code='a'>Foreign films.</subfield></datafield><datafield ind1=' ' ind2='0' tag='655'><subfield code='a'>Motion pictures, Italian.</subfield></datafield><datafield ind1='1' ind2=' ' tag='700'><subfield code='a'>Fellini, Federico.</subfield><subfield code='4'>drt</subfield><subfield code='4'>nrt</subfield><subfield code='4'>aut</subfield></datafield><datafield ind1='1' ind2=' ' tag='700'><subfield code='a'>Mastroianni, Marcello,</subfield><subfield code='d'>1924-1996.</subfield><subfield code='4'>act</subfield><subfield code='4'>nrt</subfield></datafield><datafield ind1='1' ind2=' ' tag='700'><subfield code='a'>Ekberg, Anita,</subfield><subfield code='d'>1931-2015.</subfield><subfield code='4'>act.</subfield><subfield code='4'>nrt</subfield></datafield><datafield ind1='1' ind2=' ' tag='700'><subfield code='a'>Moussa, Ibrahim.</subfield><subfield code='4'>pro</subfield></datafield><datafield ind1='1' ind2=' ' tag='700'><subfield code='a'>Angelucci, Gianfranco.</subfield><subfield code='4'>aut</subfield></datafield><datafield ind1='1' ind2=' ' tag='700'><subfield code='a'>Rubini, Sergio,</subfield><subfield code='d'>1959-</subfield><subfield code='4'>act</subfield></datafield><datafield ind1='1' ind2=' ' tag='700'><subfield code='a'>Cantafora, Antonio,</subfield><subfield code='d'>1943-</subfield><subfield code='4'>act</subfield></datafield><datafield ind1='1' ind2=' ' tag='700'><subfield code='a'>Delli Colli, Tonino.</subfield><subfield code='4'>cng</subfield></datafield><datafield ind1='1' ind2=' ' tag='700'><subfield code='a'>Piovani, Nicola.</subfield><subfield code='4'>cmp</subfield></datafield><datafield ind1='1' ind2=' ' tag='700'><subfield code='a'>Mollica, Vincenzo.</subfield><subfield code='4'>asn</subfield></datafield><datafield ind1='2' ind2=' ' tag='710'><subfield code='a'>Koch Lorber Films.</subfield><subfield code='4'>pro</subfield></datafield><datafield ind1='2' ind2=' ' tag='710'><subfield code='a'>KOCH Vision (Firm)</subfield><subfield code='4'>pro</subfield></datafield><datafield ind1='2' ind2=' ' tag='710'><subfield code='a'>Aljosha Productions.</subfield><subfield code='4'>pro</subfield></datafield><datafield ind1='2' ind2=' ' tag='710'><subfield code='a'>Radiotelevisione italiana.</subfield><subfield code='4'>pro</subfield></datafield><datafield ind1=' ' ind2=' ' tag='904'><subfield code='a'>cjf</subfield><subfield code='b'>o</subfield><subfield code='h'>m</subfield><subfield code='c'>v</subfield><subfield code='e'>20120425</subfield></datafield><datafield ind1=' ' ind2=' ' tag='902'><subfield code='a'>msw</subfield><subfield code='b'>m</subfield><subfield code='6'>g</subfield><subfield code='7'>m</subfield><subfield code='d'>e</subfield><subfield code='f'>1</subfield><subfield code='e'>20120521</subfield></datafield><datafield ind1='8' ind2=' ' tag='852'><subfield code='0'>6938508</subfield><subfield code='b'>vidl</subfield><subfield code='h'>DVD 7103</subfield></datafield><datafield ind1=' ' ind2=' ' tag='959'><subfield code='a'>2012-05-21 14:22:31 -0500</subfield></datafield></record>