
<record><leader>02029cam a2200385Ia 4500</leader><controlfield tag='001'>8553130</controlfield><controlfield tag='005'>20140718144647.0</controlfield><controlfield tag='006'>m     o  d        </controlfield><controlfield tag='007'>cr mn |||||a|a</controlfield><controlfield tag='008'>100617s2007    nju     ob    001 0 eng d</controlfield><datafield ind1=' ' ind2=' ' tag='035'><subfield code='a'>ocn642206027</subfield></datafield><datafield ind1=' ' ind2=' ' tag='040'><subfield code='a'>N$T</subfield><subfield code='b'>eng</subfield><subfield code='c'>N$T</subfield><subfield code='d'>IDEBK</subfield><subfield code='d'>E7B</subfield><subfield code='d'>OCLCQ</subfield><subfield code='d'>JSTOR</subfield></datafield><datafield ind1='7' ind2=' ' tag='016'><subfield code='z'>013805629</subfield><subfield code='2'>Uk</subfield></datafield><datafield ind1=' ' ind2=' ' tag='019'><subfield code='a'>647927185</subfield></datafield><datafield ind1=' ' ind2=' ' tag='020'><subfield code='a'>9781400827824 (electronic bk.)</subfield></datafield><datafield ind1=' ' ind2=' ' tag='020'><subfield code='a'>1400827825 (electronic bk.)</subfield></datafield><datafield ind1=' ' ind2=' ' tag='020'><subfield code='z'>9780691134970 (hardcover : alk. paper)</subfield></datafield><datafield ind1=' ' ind2=' ' tag='020'><subfield code='z'>0691134979 (hardcover : alk. paper)</subfield></datafield><datafield ind1=' ' ind2=' ' tag='043'><subfield code='a'>n-us---</subfield></datafield><datafield ind1=' ' ind2='4' tag='050'><subfield code='a'>KF8742</subfield><subfield code='b'>.E357 2007eb</subfield></datafield><datafield ind1='0' ind2='4' tag='082'><subfield code='a'>347.73/2634</subfield><subfield code='2'>22</subfield></datafield><datafield ind1=' ' ind2=' ' tag='090'><subfield code='a'>Electronic Resource</subfield></datafield><datafield ind1='1' ind2=' ' tag='100'><subfield code='a'>Eisgruber, Christopher L.</subfield></datafield><datafield ind1='1' ind2='4' tag='245'><subfield code='a'>The next justice</subfield><subfield code='h'>[electronic resource] :</subfield><subfield code='b'>repairing the Supreme Court appointments process /</subfield><subfield code='c'>Christopher L. Eisgruber.</subfield></datafield><datafield ind1=' ' ind2=' ' tag='260'><subfield code='a'>Princeton :</subfield><subfield code='b'>Princeton University Press,</subfield><subfield code='c'>c2007.</subfield></datafield><datafield ind1=' ' ind2=' ' tag='300'><subfield code='a'>1 online resource (xiii, 239 p.)</subfield></datafield><datafield ind1=' ' ind2=' ' tag='504'><subfield code='a'>Includes bibliographical references and index.</subfield></datafield><datafield ind1='0' ind2=' ' tag='505'><subfield code='a'>A broken process in partisan times -- Why judges cannot avoid political controversy -- The incoherence of judicial restraint -- Politics at the court -- Why judges sometimes agree when politicians cannot -- Judicial philosophies and why they matter -- How presidents have raised the stakes -- Should the Senate defer to the president? -- How to change the hearings -- What kinds of justices should we want? -- The path forward.</subfield></datafield><datafield ind1=' ' ind2=' ' tag='588'><subfield code='a'>Description based on print version record.</subfield></datafield><datafield ind1='1' ind2='0' tag='610'><subfield code='a'>United States.</subfield><subfield code='b'>Supreme Court</subfield><subfield code='x'>Officials and employees</subfield><subfield code='x'>Selection and appointment.</subfield></datafield><datafield ind1=' ' ind2='0' tag='650'><subfield code='a'>Judges</subfield><subfield code='x'>Selection and appointment</subfield><subfield code='z'>United States.</subfield></datafield><datafield ind1=' ' ind2='0' tag='650'><subfield code='a'>Political questions and judicial power</subfield><subfield code='z'>United States.</subfield></datafield><datafield ind1='0' ind2='8' tag='776'><subfield code='i'>Print version:</subfield><subfield code='a'>Eisgruber, Christopher L.</subfield><subfield code='t'>Next justice.</subfield><subfield code='d'>Princeton : Princeton University Press, c2007</subfield><subfield code='z'>9780691134970</subfield><subfield code='w'>(DLC)  2007018609</subfield><subfield code='w'>(OCoLC)124074888</subfield></datafield><datafield ind1='4' ind2='0' tag='856'><subfield code='u'>http://www.jstor.org/stable/10.2307/j.ctt7sj88</subfield></datafield><datafield ind1=' ' ind2=' ' tag='902'><subfield code='a'>jwl</subfield><subfield code='b'>z</subfield><subfield code='6'>a</subfield><subfield code='7'>m</subfield><subfield code='d'>w</subfield><subfield code='f'>0</subfield><subfield code='e'>20140718</subfield></datafield><datafield ind1='8' ind2=' ' tag='852'><subfield code='0'>8295796</subfield><subfield code='b'>elf1</subfield><subfield code='h'>Electronic Resource</subfield></datafield><datafield ind1=' ' ind2=' ' tag='959'><subfield code='a'>2014-07-18 14:46:47 -0500</subfield></datafield></record>