
<record><leader>01327cam a2200349 a 4500</leader><controlfield tag='001'>6890057</controlfield><controlfield tag='005'>20111122154803.0</controlfield><controlfield tag='008'>110415s2011    nyu           000 1 eng  </controlfield><datafield ind1=' ' ind2=' ' tag='010'><subfield code='a'>  2011014274</subfield></datafield><datafield ind1=' ' ind2=' ' tag='035'><subfield code='a'>(OCoLC)ocn701017688</subfield></datafield><datafield ind1=' ' ind2=' ' tag='040'><subfield code='a'>DLC</subfield><subfield code='b'>eng</subfield><subfield code='c'>DLC</subfield><subfield code='d'>IG#</subfield><subfield code='d'>BTCTA</subfield><subfield code='d'>YDXCP</subfield><subfield code='d'>UPZ</subfield><subfield code='d'>LIV</subfield><subfield code='d'>ZGY</subfield><subfield code='d'>JAG</subfield><subfield code='d'>ZAD</subfield></datafield><datafield ind1=' ' ind2=' ' tag='020'><subfield code='a'>9780307593313 (hardcover)</subfield></datafield><datafield ind1=' ' ind2=' ' tag='020'><subfield code='a'>0307593312 (hardcover)</subfield></datafield><datafield ind1=' ' ind2=' ' tag='035'><subfield code='a'>(OCoLC)701017688</subfield></datafield><datafield ind1='1' ind2=' ' tag='041'><subfield code='a'>eng</subfield><subfield code='h'>jpn</subfield></datafield><datafield ind1=' ' ind2=' ' tag='042'><subfield code='a'>pcc</subfield></datafield><datafield ind1=' ' ind2=' ' tag='043'><subfield code='a'>a-ja---</subfield></datafield><datafield ind1='0' ind2='0' tag='050'><subfield code='a'>PL856.U673</subfield><subfield code='b'>A61213 2011</subfield></datafield><datafield ind1='0' ind2='0' tag='082'><subfield code='a'>895.6/35</subfield><subfield code='2'>22</subfield></datafield><datafield ind1='1' ind2=' ' tag='100'><subfield code='a'>Murakami, Haruki,</subfield><subfield code='d'>1949-</subfield></datafield><datafield ind1='1' ind2='0' tag='240'><subfield code='a'>1Q84.</subfield><subfield code='l'>English</subfield></datafield><datafield ind1='1' ind2='0' tag='245'><subfield code='a'>1Q84 /</subfield><subfield code='c'>Haruki Murakami ; translated from the Japanese by Jay Rubin and Philip Gabriel.</subfield></datafield><datafield ind1=' ' ind2=' ' tag='250'><subfield code='a'>1st ed.</subfield></datafield><datafield ind1=' ' ind2=' ' tag='260'><subfield code='a'>New York :</subfield><subfield code='b'>Alfred A. Knopf,</subfield><subfield code='c'>2011.</subfield></datafield><datafield ind1=' ' ind2=' ' tag='300'><subfield code='a'>925 p.;</subfield><subfield code='c'>24 cm.</subfield></datafield><datafield ind1=' ' ind2=' ' tag='520'><subfield code='a'>An ode to George Orwell&apos;s &quot;1984&quot; told in alternating male and female voices relates the stories of Aomame, an assassin for a secret organization who discovers that she has been transported to an alternate reality, and Tengo, a mathematics lecturer and novice writer.</subfield></datafield><datafield ind1=' ' ind2='0' tag='650'><subfield code='a'>Man-woman relationships</subfield><subfield code='v'>Fiction.</subfield></datafield><datafield ind1=' ' ind2='0' tag='651'><subfield code='a'>Japan</subfield><subfield code='v'>Fiction.</subfield></datafield><datafield ind1='1' ind2=' ' tag='700'><subfield code='a'>Rubin, Jay,</subfield><subfield code='d'>1941-</subfield></datafield><datafield ind1='1' ind2=' ' tag='700'><subfield code='a'>Gabriel, Philip,</subfield><subfield code='d'>1953-</subfield></datafield><datafield ind1=' ' ind2=' ' tag='904'><subfield code='a'>msw</subfield><subfield code='b'>o</subfield><subfield code='h'>m</subfield><subfield code='c'>b</subfield><subfield code='e'>20111108</subfield></datafield><datafield ind1=' ' ind2=' ' tag='902'><subfield code='a'>msw</subfield><subfield code='b'>l</subfield><subfield code='6'>a</subfield><subfield code='7'>m</subfield><subfield code='d'>v</subfield><subfield code='f'>1</subfield><subfield code='e'>20111122</subfield></datafield><datafield ind1='0' ind2=' ' tag='852'><subfield code='0'>6799385</subfield><subfield code='b'>gest</subfield><subfield code='h'>PL856.U673</subfield><subfield code='i'>A61213 2011</subfield><subfield code='x'>tr fr dixn</subfield></datafield><datafield ind1=' ' ind2=' ' tag='959'><subfield code='a'>2011-11-22 15:46:27 -0500</subfield></datafield></record>