
<record><leader>01999cas a2200469 a 4500</leader><controlfield tag='001'>857469</controlfield><controlfield tag='005'>20150115151628.0</controlfield><controlfield tag='008'>940113c18839999dcuwn1p       0uuua0eng d</controlfield><datafield ind1=' ' ind2=' ' tag='010'><subfield code='a'>   17024346 //r862 </subfield></datafield><datafield ind1='0' ind2=' ' tag='022'><subfield code='a'>0036-8075</subfield></datafield><datafield ind1=' ' ind2=' ' tag='035'><subfield code='a'>(OCoLC)53849218</subfield></datafield><datafield ind1=' ' ind2=' ' tag='035'><subfield code='a'>(CStRLIN)NJPG94-S192</subfield></datafield><datafield ind1=' ' ind2=' ' tag='035'><subfield code='a'>857469</subfield></datafield><datafield ind1=' ' ind2=' ' tag='040'><subfield code='a'>MnMULS</subfield><subfield code='c'>MnMULS</subfield><subfield code='d'>NjP</subfield></datafield><datafield ind1='0' ind2=' ' tag='130'><subfield code='a'>Science (Cambridge, Mass.)</subfield></datafield><datafield ind1=' ' ind2='0' tag='222'><subfield code='a'>Science</subfield><subfield code='b'>(Washington, D.C.)</subfield></datafield><datafield ind1='0' ind2='0' tag='245'><subfield code='a'>Science.</subfield></datafield><datafield ind1='1' ind2='3' tag='246'><subfield code='a'>Science magazine</subfield></datafield><datafield ind1=' ' ind2=' ' tag='260'><subfield code='a'>Cambridge, Mass. :</subfield><subfield code='b'>M. King,</subfield><subfield code='c'>1883-</subfield></datafield><datafield ind1=' ' ind2=' ' tag='300'><subfield code='a'>v. :</subfield><subfield code='b'>ill. ;</subfield><subfield code='c'>26-32 cm.</subfield></datafield><datafield ind1=' ' ind2=' ' tag='310'><subfield code='a'>Weekly (except last week in Dec.)</subfield></datafield><datafield ind1='0' ind2=' ' tag='362'><subfield code='a'>[Vol. 1], no. 1 (Feb. 9, 1883)-v. 23, no. 581 (Mar. 23, 1894) ; new ser., v. 1, no. 1 (Jan. 4, 1895)-</subfield></datafield><datafield ind1=' ' ind2=' ' tag='500'><subfield code='a'>Since Jan. 1901, includes the official proceedings and most of the papers of the American Association for the Advancement of Science.</subfield></datafield><datafield ind1=' ' ind2=' ' tag='500'><subfield code='a'>Place of publication varies.</subfield></datafield><datafield ind1=' ' ind2=' ' tag='580'><subfield code='a'>Vols. for 1911-1913 contain: the Proceedings of the Helminthological Society of Washington, 1st-15th meeting.</subfield></datafield><datafield ind1=' ' ind2=' ' tag='588'><subfield code='a'>Title from caption.</subfield></datafield><datafield ind1=' ' ind2='0' tag='650'><subfield code='a'>Science</subfield><subfield code='v'>Periodicals.</subfield></datafield><datafield ind1='2' ind2=' ' tag='710'><subfield code='a'>American Association for the Advancement of Science.</subfield></datafield><datafield ind1='0' ind2=' ' tag='770'><subfield code='t'>Guide to scientific instruments</subfield><subfield code='x'>0533-5426</subfield></datafield><datafield ind1='0' ind2=' ' tag='770'><subfield code='t'>AAAS observer</subfield><subfield code='g'>Sept. 1988-Nov. 1989</subfield></datafield><datafield ind1='1' ind2=' ' tag='777'><subfield code='a'>Helminthological Society of Washington.</subfield><subfield code='t'>Proceedings of the Helminthological Society of Washington</subfield><subfield code='x'>0018-0130</subfield></datafield><datafield ind1='0' ind2='0' tag='780'><subfield code='t'>Science (New York, N.Y.)</subfield><subfield code='x'>0036-8075</subfield></datafield><datafield ind1='0' ind2='5' tag='780'><subfield code='t'>Scientific monthly</subfield><subfield code='g'>Jan.1985</subfield><subfield code='x'>0096-3771</subfield></datafield><datafield ind1='0' ind2=' ' tag='787'><subfield code='t'>Science express</subfield><subfield code='w'>4478078</subfield></datafield><datafield ind1='4' ind2=' ' tag='856'><subfield code='u'>http://catalog.hathitrust.org/Record/008883092</subfield></datafield><datafield ind1=' ' ind2=' ' tag='911'><subfield code='a'>19950330</subfield></datafield><datafield ind1=' ' ind2=' ' tag='912'><subfield code='a'>20000315045448.0</subfield></datafield><datafield ind1=' ' ind2=' ' tag='948'><subfield code='a'>S-RECON</subfield></datafield><datafield ind1=' ' ind2=' ' tag='998'><subfield code='a'>03/24/95</subfield><subfield code='s'>9114</subfield><subfield code='n'>NjP</subfield><subfield code='w'>DCLC1724346S</subfield><subfield code='d'>01/13/94</subfield><subfield code='c'>LRP</subfield><subfield code='b'>SZF</subfield><subfield code='i'>950324</subfield><subfield code='l'>NJPG</subfield></datafield><datafield ind1='0' ind2='1' tag='852'><subfield code='0'>977093</subfield><subfield code='b'>f</subfield><subfield code='t'>1</subfield><subfield code='h'>Q1</subfield><subfield code='i'>.S3543</subfield></datafield><datafield ind1=' ' ind2='0' tag='866'><subfield code='0'>977093</subfield><subfield code='a'>New ser., v. 23, no. 575 (Jan. 5, 1906)-v. 347, no. 6225 (Feb. 2015)</subfield></datafield><datafield ind1=' ' ind2='0' tag='866'><subfield code='0'>977093</subfield><subfield code='z'>LACKS: no. 2221, 4421, 4488, 4526, 4986-88</subfield></datafield><datafield ind1=' ' ind2='0' tag='866'><subfield code='0'>977093</subfield><subfield code='z'>CURRENT ISSUES IN: DeLong Room (RACK-PR). Firestone</subfield></datafield><datafield ind1=' ' ind2='0' tag='866'><subfield code='0'>977093</subfield><subfield code='x'>DESIGNATOR: vol., no. (4 v./year)</subfield></datafield><datafield ind1='8' ind2='1' tag='852'><subfield code='0'>977094</subfield><subfield code='b'>rcppf</subfield><subfield code='t'>1</subfield><subfield code='h'>MICROFILM S01159</subfield><subfield code='x'>tr fr flm</subfield></datafield><datafield ind1=' ' ind2='0' tag='866'><subfield code='0'>977094</subfield><subfield code='a'>[Vol. 1], no. 1 (Feb. 9, 1883)-v. 23, no. 581 (Mar. 23, 1894); new ser., v. 1, no. 1 (Jan. 4, 1895)-v. 22, no. 574 (Dec. 29, 1905)</subfield></datafield><datafield ind1=' ' ind2='0' tag='866'><subfield code='0'>977094</subfield><subfield code='z'>Positive service microfilm</subfield></datafield><datafield ind1=' ' ind2='0' tag='866'><subfield code='0'>977094</subfield><subfield code='x'>DESIGNATOR: vol., no.</subfield></datafield><datafield ind1=' ' ind2='0' tag='866'><subfield code='0'>977094</subfield><subfield code='x'>replaces 87-S2529</subfield></datafield><datafield ind1='0' ind2='1' tag='852'><subfield code='0'>977095</subfield><subfield code='b'>pplps</subfield><subfield code='t'>1</subfield><subfield code='h'>Q1</subfield><subfield code='i'>.S35</subfield></datafield><datafield ind1=' ' ind2='0' tag='866'><subfield code='0'>977095</subfield><subfield code='a'>Vol. 191, no. 4222 (1976)-v. 290, no. 5495 (17 Nov. 2000)</subfield></datafield><datafield ind1=' ' ind2='0' tag='866'><subfield code='0'>977095</subfield><subfield code='z'>LACKS: no. 4307, 4350; v. 207-210; no. 4554, 4727-32, 4738, 4777-83, 4883-84, 5034-46, 5085-90, 5102, 5185, 5240, 5242, 5260  [may lack a few other early issues]</subfield></datafield><datafield ind1=' ' ind2='0' tag='866'><subfield code='0'>977095</subfield><subfield code='x'>DESIGNATOR: vol., no.</subfield></datafield><datafield ind1='8' ind2=' ' tag='852'><subfield code='0'>977096</subfield><subfield code='b'>sciss</subfield><subfield code='h'>8001.846</subfield></datafield><datafield ind1=' ' ind2='0' tag='866'><subfield code='0'>977096</subfield><subfield code='a'>Vol. 3 (1884)-v. 7 (1886) ; new ser., v. 1, no. 1 (Jan. 4, 1895)-v. 349, no. 6255 (25 Sept. 2015)</subfield></datafield><datafield ind1=' ' ind2='0' tag='866'><subfield code='0'>977096</subfield><subfield code='a'>LACKS: v. 139</subfield></datafield><datafield ind1=' ' ind2='0' tag='866'><subfield code='0'>977096</subfield><subfield code='z'>CURRENT ISSUES IN: Lewis Library (SCI)</subfield></datafield><datafield ind1=' ' ind2='0' tag='866'><subfield code='0'>977096</subfield><subfield code='x'>DESIGNATOR: vol., no. (4 v./year) (1895-&lt;1975&gt; added by: new ser., v.; &quot;new ser.&quot; no longer used in later vols.)</subfield></datafield><datafield ind1='8' ind2=' ' tag='852'><subfield code='0'>977097</subfield><subfield code='b'>rcppn</subfield><subfield code='t'>1</subfield><subfield code='h'>8001.846</subfield><subfield code='x'>tr fr smir</subfield></datafield><datafield ind1='4' ind2='1' tag='866'><subfield code='0'>977097</subfield><subfield code='a'>Vol. 91 (Jan. 1940)-v. 348, no. 6242 (26 June 2015)</subfield></datafield><datafield ind1=' ' ind2='0' tag='866'><subfield code='0'>977097</subfield><subfield code='z'>CURRENT ISSUES IN: Lewis Library (SCI)</subfield></datafield><datafield ind1=' ' ind2='0' tag='866'><subfield code='0'>977097</subfield><subfield code='x'>DESIGNATOR: vol., no. (4 v./year)</subfield></datafield><datafield ind1='8' ind2=' ' tag='852'><subfield code='0'>977099</subfield><subfield code='b'>spiaps</subfield><subfield code='t'>1</subfield><subfield code='h'>8001.846</subfield><subfield code='x'>withdrawn jeb 7/2005</subfield></datafield><datafield ind1=' ' ind2='0' tag='866'><subfield code='0'>977099</subfield><subfield code='z'>CURRENT YEAR ONLY IN: (SPIA)</subfield></datafield><datafield ind1='0' ind2='1' tag='852'><subfield code='0'>977101</subfield><subfield code='b'>stss</subfield><subfield code='t'>1</subfield><subfield code='h'>Q1</subfield><subfield code='i'>.S35</subfield></datafield><datafield ind1=' ' ind2='0' tag='866'><subfield code='0'>977101</subfield><subfield code='x'>New ser., v. 215 (1982)-v. 335, no. 6076 (30 Mar. 2012)</subfield></datafield><datafield ind1=' ' ind2='0' tag='866'><subfield code='0'>977101</subfield><subfield code='x'>LACKS: v. 292, no. 5501</subfield></datafield><datafield ind1=' ' ind2='0' tag='866'><subfield code='0'>977101</subfield><subfield code='z'>CURRENT YEAR ISSUES ONLY</subfield></datafield><datafield ind1=' ' ind2='0' tag='866'><subfield code='0'>977101</subfield><subfield code='x'>DESIGNATOR: vol., no. (4 v./year)</subfield></datafield><datafield ind1=' ' ind2='0' tag='866'><subfield code='0'>977101</subfield><subfield code='x'>Bound holdings have been withdrawn. mwc</subfield></datafield><datafield ind1='0' ind2='1' tag='852'><subfield code='0'>977105</subfield><subfield code='b'>f</subfield><subfield code='t'>2</subfield><subfield code='h'>Q1</subfield><subfield code='i'>.S3543</subfield></datafield><datafield ind1=' ' ind2='0' tag='866'><subfield code='0'>977105</subfield><subfield code='a'>COPY 2:  New ser., v. 23, no 575 (Jan. 5, 1906)-v. 166</subfield></datafield><datafield ind1=' ' ind2='0' tag='866'><subfield code='0'>977105</subfield><subfield code='z'>LACKS: many issues in v. 23-110; v. 111-125; v. 128; v. 134-137;v. 139-142; v. 144-145; v. 146, no. ?; v. 147-163</subfield></datafield><datafield ind1=' ' ind2='0' tag='866'><subfield code='0'>977105</subfield><subfield code='x'>DESIGNATOR: vol., no., c. 2</subfield></datafield><datafield ind1='0' ind2='1' tag='852'><subfield code='0'>977106</subfield><subfield code='b'>f</subfield><subfield code='t'>3</subfield><subfield code='h'>Q1</subfield><subfield code='i'>.S3543</subfield></datafield><datafield ind1=' ' ind2='0' tag='866'><subfield code='0'>977106</subfield><subfield code='a'>COPY 3: Vol. 63, no. 1618-v. 90, no. 2348</subfield></datafield><datafield ind1=' ' ind2='0' tag='866'><subfield code='0'>977106</subfield><subfield code='x'>DESIGNATOR: vol., no., c. 3</subfield></datafield><datafield ind1='0' ind2='1' tag='852'><subfield code='0'>3555490</subfield><subfield code='b'>rcppa</subfield><subfield code='t'>1</subfield><subfield code='h'>Q1</subfield><subfield code='i'>.S35</subfield><subfield code='x'>tr fr sz</subfield><subfield code='x'>tr fr anxb</subfield></datafield><datafield ind1=' ' ind2='0' tag='866'><subfield code='0'>3555490</subfield><subfield code='a'>Vol. 167 (1970)-v. 266, no. 2065 (23 Dec. 1994)</subfield></datafield><datafield ind1=' ' ind2='0' tag='866'><subfield code='0'>3555490</subfield><subfield code='z'>LACKS: many earlier issues</subfield></datafield><datafield ind1=' ' ind2='0' tag='866'><subfield code='0'>3555490</subfield><subfield code='x'>DESIGNATOR: vol., no.</subfield></datafield><datafield ind1='8' ind2=' ' tag='852'><subfield code='0'>8684831</subfield><subfield code='b'>elf1</subfield><subfield code='h'>Electronic Resource</subfield></datafield><datafield ind1=' ' ind2=' ' tag='959'><subfield code='a'>2000-06-08 00:00:00 -0500</subfield></datafield></record>