
<record><leader>01232cam a22003014a 4500</leader><controlfield tag='001'>2837968</controlfield><controlfield tag='005'>20130228141303.0</controlfield><controlfield tag='007'>cr -----------</controlfield><controlfield tag='008'>000221m19959999nyua    s     000 0 eng  </controlfield><datafield ind1=' ' ind2=' ' tag='010'><subfield code='a'>  2001522653</subfield></datafield><datafield ind1=' ' ind2=' ' tag='035'><subfield code='a'>(OCoLC)ocm46609535</subfield></datafield><datafield ind1=' ' ind2=' ' tag='035'><subfield code='9'>CNS1017TS</subfield></datafield><datafield ind1=' ' ind2=' ' tag='035'><subfield code='a'>2837968</subfield></datafield><datafield ind1=' ' ind2=' ' tag='040'><subfield code='a'>DLC</subfield><subfield code='c'>DLC</subfield></datafield><datafield ind1=' ' ind2=' ' tag='042'><subfield code='a'>pcc</subfield></datafield><datafield ind1='0' ind2='0' tag='050'><subfield code='a'>Z6944.S3</subfield></datafield><datafield ind1='0' ind2='0' tag='245'><subfield code='a'>JSTOR</subfield><subfield code='h'>[electronic resource] :</subfield><subfield code='b'>the scholarly journal archive.</subfield></datafield><datafield ind1='0' ind2=' ' tag='246'><subfield code='a'>Journal storage</subfield></datafield><datafield ind1=' ' ind2=' ' tag='260'><subfield code='a'>[New York] :</subfield><subfield code='b'>JSTOR,</subfield><subfield code='c'>[1995?]-</subfield></datafield><datafield ind1=' ' ind2=' ' tag='500'><subfield code='a'>Title from home page viewed on Mar. 26, 2001.</subfield></datafield><datafield ind1=' ' ind2=' ' tag='520'><subfield code='a'>Provides page images of back issues of the core scholarly journals in the humanities and social sciences from the earliest issues to within a few years of current publication. Users may browse by journal title or discipline, or may search the full-text or citations/abstracts. New issues of existing titles and new titles are added on an ongoing basis.</subfield></datafield><datafield ind1=' ' ind2=' ' tag='538'><subfield code='a'>Mode of access: World Wide Web.</subfield></datafield><datafield ind1=' ' ind2='0' tag='650'><subfield code='a'>Humanities</subfield><subfield code='v'>Periodicals.</subfield></datafield><datafield ind1=' ' ind2='0' tag='650'><subfield code='a'>Social sciences</subfield><subfield code='v'>Periodicals.</subfield></datafield><datafield ind1='2' ind2=' ' tag='710'><subfield code='a'>JSTOR (Organization)</subfield></datafield><datafield ind1='4' ind2='0' tag='856'><subfield code='u'>http://www.jstor.org/action/showAdvancedSearch</subfield></datafield><datafield ind1=' ' ind2=' ' tag='902'><subfield code='a'>drt</subfield><subfield code='b'>l</subfield><subfield code='6'>a</subfield><subfield code='7'>m</subfield><subfield code='d'>w</subfield><subfield code='f'>0</subfield><subfield code='e'>20011010</subfield></datafield><datafield ind1=' ' ind2=' ' tag='999'><subfield code='a'>2837968</subfield></datafield><datafield ind1='8' ind2='0' tag='852'><subfield code='0'>3150465</subfield><subfield code='b'>elf1</subfield><subfield code='h'>Electronic Resource</subfield></datafield><datafield ind1=' ' ind2='0' tag='866'><subfield code='0'>3150465</subfield><subfield code='x'>individual journals cataloged as separate serials</subfield></datafield><datafield ind1=' ' ind2=' ' tag='959'><subfield code='a'>2000-06-08 00:00:00 -0500</subfield></datafield></record>