
<record><leader>01186cam a2200301   4500</leader><controlfield tag='001'>945550</controlfield><controlfield tag='005'>20140609113031.0</controlfield><controlfield tag='008'>950123s1971    coua          00010 eng  </controlfield><datafield ind1=' ' ind2=' ' tag='010'><subfield code='a'>   79164046  </subfield></datafield><datafield ind1=' ' ind2=' ' tag='035'><subfield code='a'>(OCoLC)410535</subfield></datafield><datafield ind1=' ' ind2=' ' tag='035'><subfield code='a'>(CStRLIN)NJPG95-B5393</subfield></datafield><datafield ind1=' ' ind2=' ' tag='035'><subfield code='9'>CBP7487TS</subfield></datafield><datafield ind1='1' ind2=' ' tag='041'><subfield code='a'>engper</subfield></datafield><datafield ind1='0' ind2=' ' tag='050'><subfield code='a'>PK6549.U2</subfield><subfield code='b'>M8</subfield></datafield><datafield ind1=' ' ind2=' ' tag='082'><subfield code='a'>891/.55/11</subfield></datafield><datafield ind1='1' ind2=' ' tag='100'><subfield code='a'>ʻUbayd Zākānī, Niẓām al-Dīn,</subfield><subfield code='d'>-approximately 1370.</subfield></datafield><datafield ind1='1' ind2='0' tag='240'><subfield code='a'>Mūsh va gurbah.</subfield><subfield code='l'>English &amp; Persian</subfield></datafield><datafield ind1='1' ind2='2' tag='245'><subfield code='a'>A tale of cats and mice of Obeyd of Záákán.</subfield><subfield code='c'>Translated from Persian verse into English rhythmic prose by Mehdi Nakosteen. With illus. by John T. Gilman.</subfield></datafield><datafield ind1=' ' ind2=' ' tag='260'><subfield code='a'>[Boulder]</subfield><subfield code='b'>Colorado Typographic Society</subfield><subfield code='c'>[1971]</subfield></datafield><datafield ind1=' ' ind2=' ' tag='300'><subfield code='a'>45, 6 l.</subfield><subfield code='b'>illus.</subfield><subfield code='c'>27 cm.</subfield></datafield><datafield ind1=' ' ind2=' ' tag='500'><subfield code='a'>[Mūsh va gurbah ʻUbayd Zākānī]: leaves 1-6 at end.</subfield></datafield><datafield ind1=' ' ind2=' ' tag='500'><subfield code='a'>&quot;Collector&apos;s edition, limited to 125 copies of which this is number 2.&quot;</subfield></datafield><datafield ind1=' ' ind2=' ' tag='500'><subfield code='a'>Translation of Mūsh va gurbah.</subfield></datafield><datafield ind1='1' ind2=' ' tag='700'><subfield code='a'>Nakosteen, Mehdi,</subfield><subfield code='d'>1905-1982,</subfield><subfield code='e'>tr.</subfield></datafield><datafield ind1=' ' ind2=' ' tag='740'><subfield code='a'>Mūsh va gurbah.</subfield></datafield><datafield ind1=' ' ind2=' ' tag='998'><subfield code='a'>01/23/95</subfield><subfield code='s'>9110</subfield><subfield code='n'>NjP</subfield><subfield code='w'>DCLC79164046B</subfield><subfield code='d'>01/23/95</subfield><subfield code='c'>ARK</subfield><subfield code='b'>ARK</subfield><subfield code='i'>950123</subfield><subfield code='l'>NJPG</subfield></datafield><datafield ind1=' ' ind2=' ' tag='911'><subfield code='a'>19950202</subfield></datafield><datafield ind1=' ' ind2=' ' tag='912'><subfield code='a'>19950123000000.0</subfield></datafield><datafield ind1='0' ind2='0' tag='852'><subfield code='0'>1086817</subfield><subfield code='b'>anxafst</subfield><subfield code='t'>1</subfield><subfield code='h'>PK6549.U2</subfield><subfield code='i'>M8</subfield></datafield><datafield ind1=' ' ind2=' ' tag='959'><subfield code='a'>2000-06-13 00:00:00 -0500</subfield></datafield></record>