
<record><leader>01250cam a2200349 a 4500</leader><controlfield tag='001'>2441060</controlfield><controlfield tag='005'>20100817162844.0</controlfield><controlfield tag='008'>731015s1939    enk           000 0 eng  </controlfield><datafield ind1=' ' ind2=' ' tag='010'><subfield code='a'>   48044453  </subfield></datafield><datafield ind1=' ' ind2=' ' tag='019'><subfield code='a'>978654</subfield></datafield><datafield ind1=' ' ind2=' ' tag='035'><subfield code='a'>(OCoLC)ocm00718112</subfield></datafield><datafield ind1=' ' ind2=' ' tag='035'><subfield code='9'>CLK9967TS</subfield></datafield><datafield ind1=' ' ind2=' ' tag='040'><subfield code='a'>DLC</subfield><subfield code='c'>CIN</subfield><subfield code='d'>OCL</subfield><subfield code='d'>KSU</subfield><subfield code='d'>OBE</subfield><subfield code='d'>HRH</subfield><subfield code='d'>PUL</subfield></datafield><datafield ind1='0' ind2='0' tag='050'><subfield code='a'>PS3509.L43</subfield><subfield code='b'>O55 1939a</subfield></datafield><datafield ind1='1' ind2=' ' tag='082'><subfield code='a'>811.5</subfield></datafield><datafield ind1='1' ind2=' ' tag='100'><subfield code='a'>Eliot, T. S.</subfield><subfield code='q'>(Thomas Stearns),</subfield><subfield code='d'>1888-1965.</subfield></datafield><datafield ind1='1' ind2='0' tag='245'><subfield code='a'>Old Possum&apos;s Book of practical cats /</subfield><subfield code='c'>T.S. Eliot.</subfield></datafield><datafield ind1='3' ind2='0' tag='246'><subfield code='a'>Book of practical cats</subfield></datafield><datafield ind1=' ' ind2=' ' tag='260'><subfield code='a'>London :</subfield><subfield code='b'>Faber and Faber,</subfield><subfield code='c'>1939.</subfield></datafield><datafield ind1=' ' ind2=' ' tag='300'><subfield code='a'>45 p. ;</subfield><subfield code='c'>23 cm.</subfield></datafield><datafield ind1=' ' ind2=' ' tag='500'><subfield code='a'>Poems.</subfield></datafield><datafield ind1='4' ind2=' ' tag='510'><subfield code='a'>Gallup, D.C.  Eliot (rev. ed.),</subfield><subfield code='c'>A34a</subfield></datafield><datafield ind1=' ' ind2=' ' tag='500'><subfield code='3'>CTSN copy:</subfield><subfield code='a'>Inscription dated Christmas 1939.</subfield><subfield code='5'>NjP</subfield></datafield><datafield ind1=' ' ind2=' ' tag='561'><subfield code='3'>Ex copy 1:</subfield><subfield code='a'>Author&apos;s autograph on title page.</subfield><subfield code='5'>NjP</subfield></datafield><datafield ind1=' ' ind2=' ' tag='563'><subfield code='3'>CTSN copy:</subfield><subfield code='a'>pub. yellow pict. cloth stamped in red and yellow pict. dj.</subfield><subfield code='5'>NjP</subfield></datafield><datafield ind1=' ' ind2='0' tag='650'><subfield code='a'>Cats</subfield><subfield code='v'>Poetry.</subfield></datafield><datafield ind1='1' ind2=' ' tag='700'><subfield code='a'>Bentley, Nicolas,</subfield><subfield code='d'>1907-1978.</subfield></datafield><datafield ind1=' ' ind2=' ' tag='945'><subfield code='a'>EX</subfield><subfield code='b'>1</subfield><subfield code='c'>3728.287.368.11</subfield></datafield><datafield ind1=' ' ind2=' ' tag='945'><subfield code='a'>EX</subfield><subfield code='b'>2</subfield><subfield code='c'>3728.287.368.11</subfield></datafield><datafield ind1=' ' ind2=' ' tag='911'><subfield code='a'>19990813</subfield></datafield><datafield ind1='0' ind2='0' tag='852'><subfield code='0'>1443766</subfield><subfield code='b'>f</subfield><subfield code='t'>2</subfield><subfield code='h'>PS3509.L43</subfield><subfield code='i'>O55 1939b</subfield></datafield><datafield ind1='0' ind2='0' tag='852'><subfield code='0'>1443767</subfield><subfield code='b'>f</subfield><subfield code='t'>0</subfield><subfield code='h'>PS3509.L43</subfield><subfield code='i'>O55 1939b</subfield></datafield><datafield ind1='8' ind2='0' tag='852'><subfield code='0'>2738374</subfield><subfield code='b'>ex</subfield><subfield code='t'>1</subfield><subfield code='h'>3728.287.368.11</subfield></datafield><datafield ind1='8' ind2='0' tag='852'><subfield code='0'>2738375</subfield><subfield code='b'>ex</subfield><subfield code='t'>2</subfield><subfield code='h'>3728.287.368.11</subfield></datafield><datafield ind1='8' ind2=' ' tag='852'><subfield code='0'>5038044</subfield><subfield code='b'>ctsn</subfield><subfield code='c'>Eng 20</subfield><subfield code='h'>1890</subfield></datafield><datafield ind1=' ' ind2=' ' tag='959'><subfield code='a'>2000-06-13 00:00:00 -0500</subfield></datafield></record>