
<record><leader>01322cam a22003255  4500</leader><controlfield tag='001'>2478499</controlfield><controlfield tag='005'>20100817195309.0</controlfield><controlfield tag='008'>900710s1878    maua          000 0 eng d</controlfield><datafield ind1=' ' ind2=' ' tag='035'><subfield code='a'>(OCoLC)ocm21983223</subfield></datafield><datafield ind1=' ' ind2=' ' tag='035'><subfield code='9'>CLQ3940TS</subfield></datafield><datafield ind1=' ' ind2=' ' tag='040'><subfield code='a'>RBN</subfield><subfield code='c'>RBN</subfield><subfield code='d'>PUL</subfield></datafield><datafield ind1='1' ind2=' ' tag='100'><subfield code='a'>Lathrop, George Parsons,</subfield><subfield code='d'>1851-1898,</subfield><subfield code='e'>ed.</subfield></datafield><datafield ind1='1' ind2='2' tag='245'><subfield code='a'>A masque of poets.</subfield><subfield code='b'>Including Guy Vernon, a novelette in verse.</subfield></datafield><datafield ind1=' ' ind2=' ' tag='250'><subfield code='a'>Red line edition.</subfield></datafield><datafield ind1=' ' ind2=' ' tag='260'><subfield code='a'>Boston :</subfield><subfield code='b'>Roberts Brothers,</subfield><subfield code='c'>1878.</subfield></datafield><datafield ind1=' ' ind2=' ' tag='300'><subfield code='a'>301, [2] p. :</subfield><subfield code='b'>ill. ;</subfield><subfield code='c'>19 cm.</subfield></datafield><datafield ind1=' ' ind2=' ' tag='500'><subfield code='a'>Some authors (including Thoreau) identified in Mss. in contents.</subfield></datafield><datafield ind1=' ' ind2=' ' tag='500'><subfield code='a'>Ex copy 1: black cloth.</subfield></datafield><datafield ind1=' ' ind2=' ' tag='500'><subfield code='a'>Ex copy 2: green cloth.</subfield></datafield><datafield ind1=' ' ind2=' ' tag='500'><subfield code='a'>Ex copy 3: maroon cloth.</subfield></datafield><datafield ind1=' ' ind2=' ' tag='500'><subfield code='a'>Ex copy 4: red cloth.</subfield></datafield><datafield ind1=' ' ind2=' ' tag='561'><subfield code='a'>Ex copy 5 contains ms. notes of G.P. Lathrop, giving author of each entry of contents and corrections for his poem &quot;The bride of war&quot;.</subfield><subfield code='5'>NjP</subfield></datafield><datafield ind1=' ' ind2=' ' tag='500'><subfield code='a'>&quot;Success&quot;, by Emily Dickinson, p. 174.</subfield></datafield><datafield ind1=' ' ind2=' ' tag='590'><subfield code='a'>Contains three poems by Thomas Bailey Aldrich.</subfield></datafield><datafield ind1=' ' ind2=' ' tag='563'><subfield code='3'>(Ex) 3604.1.3564:</subfield><subfield code='a'>In slipcase.</subfield><subfield code='5'>NjP</subfield></datafield><datafield ind1=' ' ind2='7' tag='655'><subfield code='a'>Authors&apos; annotations (Provenance)</subfield><subfield code='2'>rbprov</subfield></datafield><datafield ind1='1' ind2='2' tag='700'><subfield code='a'>Trowbridge, J. T.</subfield><subfield code='q'>(John Townsend),</subfield><subfield code='d'>1827-1916.</subfield><subfield code='t'>Guy Vernon.</subfield></datafield><datafield ind1=' ' ind2=' ' tag='911'><subfield code='a'>19990813</subfield></datafield><datafield ind1=' ' ind2=' ' tag='912'><subfield code='a'>20000313025551.0</subfield></datafield><datafield ind1='8' ind2='0' tag='852'><subfield code='0'>2779466</subfield><subfield code='b'>ex</subfield><subfield code='t'>1</subfield><subfield code='h'>3715.1.389 1878</subfield></datafield><datafield ind1='8' ind2='0' tag='852'><subfield code='0'>2779467</subfield><subfield code='b'>ex</subfield><subfield code='t'>2</subfield><subfield code='h'>3715.1.389 1878</subfield></datafield><datafield ind1='8' ind2='0' tag='852'><subfield code='0'>2779468</subfield><subfield code='b'>ex</subfield><subfield code='t'>3</subfield><subfield code='h'>3715.1.389 1878</subfield></datafield><datafield ind1='8' ind2='0' tag='852'><subfield code='0'>2779469</subfield><subfield code='b'>ex</subfield><subfield code='t'>4</subfield><subfield code='h'>3715.1.389 1878</subfield></datafield><datafield ind1='0' ind2='0' tag='852'><subfield code='0'>2779470</subfield><subfield code='b'>f</subfield><subfield code='t'>1</subfield><subfield code='h'>PS2225</subfield><subfield code='i'>.M3 1878</subfield></datafield><datafield ind1='8' ind2='0' tag='852'><subfield code='0'>2779471</subfield><subfield code='b'>hsvr</subfield><subfield code='c'>RHT</subfield><subfield code='t'>1</subfield><subfield code='h'>American-65</subfield></datafield><datafield ind1='8' ind2='0' tag='852'><subfield code='0'>2779472</subfield><subfield code='b'>ex</subfield><subfield code='t'>5</subfield><subfield code='h'>3598.566</subfield></datafield><datafield ind1='8' ind2='0' tag='852'><subfield code='0'>2779473</subfield><subfield code='b'>ex</subfield><subfield code='t'>6</subfield><subfield code='h'>3715.1.389</subfield></datafield><datafield ind1='8' ind2=' ' tag='852'><subfield code='0'>3527325</subfield><subfield code='b'>ex</subfield><subfield code='h'>3604.1.3564</subfield></datafield><datafield ind1=' ' ind2=' ' tag='959'><subfield code='a'>2000-06-13 00:00:00 -0500</subfield></datafield></record>