
<record><leader>01352nam a2200421 a 4500</leader><controlfield tag='001'>6412556</controlfield><controlfield tag='005'>20110211123521.0</controlfield><controlfield tag='008'>110211m20092010ja       b    000 0 jpn c</controlfield><datafield ind1=' ' ind2=' ' tag='035'><subfield code='a'>(OCoLC)ocn701545498</subfield></datafield><datafield ind1=' ' ind2=' ' tag='040'><subfield code='a'>PU</subfield><subfield code='c'>PULEA</subfield></datafield><datafield ind1=' ' ind2=' ' tag='020'><subfield code='a'>9784904271049 (v. 1)</subfield></datafield><datafield ind1=' ' ind2=' ' tag='020'><subfield code='a'>4904271041 (v. 1)</subfield></datafield><datafield ind1=' ' ind2=' ' tag='020'><subfield code='a'>9784904271056 (v. 2)</subfield></datafield><datafield ind1=' ' ind2=' ' tag='020'><subfield code='a'>490427105X (v. 2)</subfield></datafield><datafield ind1=' ' ind2=' ' tag='035'><subfield code='a'>(OCoLC)701545498</subfield></datafield><datafield ind1=' ' ind2=' ' tag='035'><subfield code='a'>(NNC)7629176</subfield></datafield><datafield ind1='1' ind2=' ' tag='041'><subfield code='a'>jpn</subfield><subfield code='a'>eng</subfield><subfield code='h'>eng</subfield></datafield><datafield ind1=' ' ind2=' ' tag='042'><subfield code='a'>pcc</subfield></datafield><datafield ind1=' ' ind2=' ' tag='043'><subfield code='a'>a-ja---</subfield></datafield><datafield ind1=' ' ind2='4' tag='050'><subfield code='a'>PL856.U673</subfield><subfield code='b'>A61535 2009</subfield></datafield><datafield ind1=' ' ind2=' ' tag='079'><subfield code='a'>ocn502011365</subfield></datafield><datafield ind1=' ' ind2=' ' tag='049'><subfield code='a'>MAIN</subfield></datafield><datafield ind1='0' ind2='0' tag='245'><subfield code='6'>880-01</subfield><subfield code='a'>1Q84 sutadīzu.</subfield></datafield><datafield ind1='1' ind2='8' tag='246'><subfield code='a'>1Q84 studies</subfield></datafield><datafield ind1=' ' ind2=' ' tag='260'><subfield code='6'>880-02</subfield><subfield code='a'>Tōkyō :</subfield><subfield code='b'>Wakakusa Shobō,</subfield><subfield code='c'>2009-2010.</subfield></datafield><datafield ind1=' ' ind2=' ' tag='300'><subfield code='a'>2 v. ;</subfield><subfield code='c'>20 cm.</subfield></datafield><datafield ind1='1' ind2=' ' tag='490'><subfield code='a'>Murakami Haruki study books ;</subfield><subfield code='v'>13-14</subfield></datafield><datafield ind1=' ' ind2=' ' tag='546'><subfield code='a'>Japanese and English.</subfield></datafield><datafield ind1=' ' ind2=' ' tag='504'><subfield code='a'>Includes bibliographical references.</subfield></datafield><datafield ind1='1' ind2='0' tag='600'><subfield code='6'>880-03</subfield><subfield code='a'>Murakami, Haruki,</subfield><subfield code='d'>1949-</subfield><subfield code='t'>1Q84.</subfield></datafield><datafield ind1='1' ind2='0' tag='600'><subfield code='6'>880-04</subfield><subfield code='a'>Murakami, Haruki,</subfield><subfield code='d'>1949-</subfield><subfield code='x'>Criticism and interpretation.</subfield></datafield><datafield ind1=' ' ind2='0' tag='830'><subfield code='a'>Murakami Haruki study books ;</subfield><subfield code='v'>13-14.</subfield></datafield><datafield ind1='0' ind2='0' tag='880'><subfield code='6'>245-01</subfield><subfield code='a'>1Q84スタディーズ.</subfield></datafield><datafield ind1=' ' ind2=' ' tag='880'><subfield code='6'>260-02</subfield><subfield code='a'>東京 :</subfield><subfield code='b'>若草書房,</subfield><subfield code='c'>2009-2010.</subfield></datafield><datafield ind1='1' ind2='4' tag='880'><subfield code='6'>600-03</subfield><subfield code='a'>村上春樹,</subfield><subfield code='d'>1949-</subfield><subfield code='t'>1Q84.</subfield></datafield><datafield ind1='1' ind2='4' tag='880'><subfield code='6'>600-04</subfield><subfield code='a'>村上春樹,</subfield><subfield code='d'>1949-</subfield><subfield code='x'>Criticism and interpretation.</subfield></datafield><datafield ind1=' ' ind2=' ' tag='994'><subfield code='a'>C0</subfield><subfield code='b'>PULEA</subfield></datafield><datafield ind1=' ' ind2=' ' tag='902'><subfield code='a'>eal</subfield><subfield code='e'>20110211</subfield></datafield><datafield ind1='0' ind2=' ' tag='852'><subfield code='0'>6397792</subfield><subfield code='b'>rcppa</subfield><subfield code='h'>PL856.U673</subfield><subfield code='i'>A61535 2009</subfield><subfield code='x'>kz</subfield><subfield code='x'>C19069</subfield><subfield code='x'>tr fr Gest CJK</subfield></datafield><datafield ind1=' ' ind2='0' tag='866'><subfield code='0'>6397792</subfield><subfield code='a'>Vol.1-v.2</subfield></datafield><datafield ind1=' ' ind2=' ' tag='959'><subfield code='a'>2011-02-11 12:36:00 -0500</subfield></datafield></record>