
<record><leader>00831nam a2200289M  4500</leader><controlfield tag='001'>1956306</controlfield><controlfield tag='008'>820430s1935    nyu           000 0 eng  </controlfield><datafield ind1=' ' ind2=' ' tag='010'><subfield code='a'>   35005407  </subfield></datafield><datafield ind1=' ' ind2=' ' tag='035'><subfield code='a'>(OCoLC)ocm16748904</subfield></datafield><datafield ind1=' ' ind2=' ' tag='035'><subfield code='9'>CHC6534TS</subfield></datafield><datafield ind1=' ' ind2=' ' tag='040'><subfield code='a'>DLC</subfield><subfield code='c'>ORZ</subfield><subfield code='d'>PUL</subfield></datafield><datafield ind1='0' ind2=' ' tag='050'><subfield code='a'>QL737.C2</subfield><subfield code='b'>R4 1935</subfield></datafield><datafield ind1=' ' ind2=' ' tag='051'><subfield code='c'>Copy 2.</subfield></datafield><datafield ind1='1' ind2=' ' tag='100'><subfield code='a'>Reighard, Jacob Ellsworth,</subfield><subfield code='d'>1861-1942.</subfield></datafield><datafield ind1='0' ind2='0' tag='245'><subfield code='a'>Dissection of the cat; </subfield></datafield><datafield ind1=' ' ind2=' ' tag='250'><subfield code='a'>2d ed. </subfield></datafield><datafield ind1=' ' ind2=' ' tag='260'><subfield code='a'>New York,</subfield><subfield code='b'>H. Holt and company</subfield><subfield code='c'>[c1935]</subfield></datafield><datafield ind1=' ' ind2=' ' tag='300'><subfield code='a'>vi, 99 p.</subfield><subfield code='c'>22 cm.</subfield></datafield><datafield ind1=' ' ind2=' ' tag='500'><subfield code='a'>Copy 2-3. Imprint varies.</subfield></datafield><datafield ind1=' ' ind2='0' tag='650'><subfield code='a'>Cats.</subfield></datafield><datafield ind1=' ' ind2='0' tag='650'><subfield code='a'>Mammals</subfield><subfield code='x'>Anatomy.</subfield></datafield><datafield ind1=' ' ind2='0' tag='650'><subfield code='a'>Dissection.</subfield></datafield><datafield ind1='1' ind2=' ' tag='700'><subfield code='a'>Jennings, H. S.</subfield><subfield code='q'>(Herbert Spencer),</subfield><subfield code='d'>1868-1947.</subfield><subfield code='e'>joint author.</subfield></datafield><datafield ind1='1' ind2=' ' tag='700'><subfield code='a'>Elliott, Rush,</subfield><subfield code='d'>1903-</subfield></datafield><datafield ind1=' ' ind2=' ' tag='945'><subfield code='a'>ANXB</subfield><subfield code='b'>2</subfield><subfield code='c'>88116.757.11</subfield></datafield><datafield ind1=' ' ind2=' ' tag='945'><subfield code='a'>ANXB</subfield><subfield code='b'>3</subfield><subfield code='c'>88116.757.11</subfield></datafield><datafield ind1=' ' ind2=' ' tag='911'><subfield code='a'>19981027</subfield></datafield><datafield ind1='8' ind2='0' tag='852'><subfield code='0'>2232360</subfield><subfield code='b'>anxb</subfield><subfield code='t'>2</subfield><subfield code='h'>88116.757.11</subfield></datafield><datafield ind1='8' ind2='0' tag='852'><subfield code='0'>2232361</subfield><subfield code='b'>anxb</subfield><subfield code='t'>3</subfield><subfield code='h'>88116.757.11</subfield></datafield></record>