
<record><leader>01553ctmaa2200277 a 4500</leader><controlfield tag='001'>3388644</controlfield><controlfield tag='005'>20120917135330.0</controlfield><controlfield tag='008'>010613s1869    xx            000 0 eng  </controlfield><datafield ind1=' ' ind2=' ' tag='035'><subfield code='a'>(OCoLC)49366284</subfield></datafield><datafield ind1=' ' ind2=' ' tag='035'><subfield code='a'>3388644</subfield></datafield><datafield ind1=' ' ind2=' ' tag='040'><subfield code='a'>NjP</subfield><subfield code='c'>NjP</subfield><subfield code='e'>appm</subfield></datafield><datafield ind1='1' ind2=' ' tag='100'><subfield code='a'>Westwood, T.</subfield><subfield code='q'>(Thomas),</subfield><subfield code='d'>1814?-1888.</subfield></datafield><datafield ind1='1' ind2='0' tag='245'><subfield code='a'>Catalogue of a collection of angling books :</subfield><subfield code='b'>consisting of 788 volumes on the sport : a set (18 vols.) of the works of Charles Cotton : an ichtyological library (109 vols.) : and a &quot;Waltonian Library&quot; on assemblage of the books (38 vols.) cited by Walton in his &quot;Compleat Angler&quot; :</subfield><subfield code='k'>manuscript,</subfield><subfield code='f'>1869.</subfield></datafield><datafield ind1=' ' ind2=' ' tag='300'><subfield code='a'>1</subfield><subfield code='f'>v. (97 leaves);</subfield><subfield code='c'>30 cm.</subfield></datafield><datafield ind1='0' ind2=' ' tag='520'><subfield code='a'>Autograph manuscript, dated Brussels, 1869. Includes a list of books cited by I. Walton in &quot;The Compleat Angler&quot;. Together with 1 signed autograph letter from Westwood to &quot;Francis,&quot; dated 1870 and 1 signed autograph letter from Alfred Denison, dated 1878.</subfield></datafield><datafield ind1=' ' ind2=' ' tag='541'><subfield code='e'>Acc. no. AM 21329.</subfield></datafield><datafield ind1=' ' ind2=' ' tag='561'><subfield code='a'>Bookplates of Henry A. Sherwin and Carl Otto V. Kienbusch.</subfield></datafield><datafield ind1=' ' ind2=' ' tag='580'><subfield code='a'>Forms part of the Kienbusch Angling Collection (C0245).</subfield></datafield><datafield ind1='1' ind2='0' tag='600'><subfield code='a'>Cotton, Charles,</subfield><subfield code='d'>1630-1687.</subfield></datafield><datafield ind1='1' ind2='0' tag='600'><subfield code='a'>Walton, Izaak,</subfield><subfield code='d'>1593-1683.</subfield><subfield code='t'>Compleat angler.</subfield></datafield><datafield ind1=' ' ind2='0' tag='650'><subfield code='a'>Fishing</subfield><subfield code='y'>19th century</subfield><subfield code='v'>Bibliography.</subfield></datafield><datafield ind1=' ' ind2='7' tag='655'><subfield code='a'>Manuscripts</subfield><subfield code='y'>19th century.</subfield><subfield code='2'>aat</subfield></datafield><datafield ind1='1' ind2=' ' tag='700'><subfield code='a'>Sherwin, Henry Alden,</subfield><subfield code='d'>1842-1916,</subfield><subfield code='e'>former owner.</subfield></datafield><datafield ind1='1' ind2=' ' tag='700'><subfield code='a'>Von Kienbusch, Carl Otto Kretzschmar,</subfield><subfield code='d'>1884-1976,</subfield><subfield code='e'>former owner.</subfield></datafield><datafield ind1='0' ind2=' ' tag='773'><subfield code='7'>nntm</subfield><subfield code='t'>Kienbusch angling collection.</subfield><subfield code='d'>1651-1974.</subfield><subfield code='w'>837268</subfield></datafield><datafield ind1=' ' ind2=' ' tag='902'><subfield code='a'>tb</subfield><subfield code='c'>x</subfield><subfield code='d'>r</subfield><subfield code='f'>1</subfield><subfield code='s'>u</subfield><subfield code='b'>o</subfield><subfield code='e'>20010613</subfield></datafield><datafield ind1='8' ind2=' ' tag='852'><subfield code='0'>3717797</subfield><subfield code='b'>mss</subfield><subfield code='h'>C0245 (no. 76)</subfield></datafield><datafield ind1=' ' ind2=' ' tag='959'><subfield code='a'>2003-05-16 10:10:54 -0500</subfield></datafield></record>