
<record><leader>00963cam a2200289ua 4500</leader><controlfield tag='001'>4747577</controlfield><controlfield tag='005'>20121008133043.0</controlfield><controlfield tag='008'>060302s1975    enka   j b    000 0 eng|d</controlfield><datafield ind1=' ' ind2=' ' tag='035'><subfield code='a'>(OCoLC)234185294</subfield></datafield><datafield ind1=' ' ind2=' ' tag='035'><subfield code='a'>(idCotsen)37427</subfield></datafield><datafield ind1=' ' ind2=' ' tag='035'><subfield code='9'>(cotsenAccess)137641</subfield></datafield><datafield ind1=' ' ind2=' ' tag='035'><subfield code='a'>(cotsendb)19612</subfield></datafield><datafield ind1=' ' ind2=' ' tag='040'><subfield code='a'>NjP</subfield><subfield code='c'>NjP</subfield></datafield><datafield ind1='1' ind2=' ' tag='100'><subfield code='a'>Haywood, Helen.</subfield></datafield><datafield ind1='1' ind2='0' tag='245'><subfield code='a'>Looking after cats /</subfield><subfield code='c'>written and illustrated by Helen Haywood.</subfield></datafield><datafield ind1='3' ind2='0' tag='246'><subfield code='a'>Cats</subfield></datafield><datafield ind1=' ' ind2=' ' tag='250'><subfield code='a'>2nd ed.</subfield></datafield><datafield ind1=' ' ind2=' ' tag='260'><subfield code='a'>Brighton :</subfield><subfield code='b'>Tyndall,</subfield><subfield code='c'>1975.</subfield></datafield><datafield ind1=' ' ind2=' ' tag='300'><subfield code='a'>30 p. :</subfield><subfield code='b'>ill. (chiefly col.) ;</subfield><subfield code='c'>22 cm.</subfield></datafield><datafield ind1='0' ind2=' ' tag='490'><subfield code='a'>Children&apos;s pets series ;</subfield><subfield code='v'>2</subfield></datafield><datafield ind1=' ' ind2=' ' tag='504'><subfield code='a'>Includes bibliographical references (p. 30).</subfield></datafield><datafield ind1=' ' ind2=' ' tag='500'><subfield code='a'>Includes information on how to indentify and care for cats.</subfield></datafield><datafield ind1=' ' ind2=' ' tag='563'><subfield code='a'>Pub. glossy white col. ill. bds. with col. pictorial pastedowns.</subfield></datafield><datafield ind1='0' ind2=' ' tag='583'><subfield code='k'>kj.</subfield></datafield><datafield ind1='0' ind2=' ' tag='583'><subfield code='x'>Part of Helen Haywood Archive, main entry 27694.</subfield></datafield><datafield ind1='0' ind2=' ' tag='583'><subfield code='k'>cca 05/27/03.</subfield></datafield><datafield ind1=' ' ind2='0' tag='650'><subfield code='a'>Cats</subfield><subfield code='v'>Juvenile literature.</subfield></datafield><datafield ind1='8' ind2=' ' tag='852'><subfield code='0'>4966506</subfield><subfield code='b'>ctsn</subfield><subfield code='c'>Eng 20</subfield><subfield code='h'>37427</subfield></datafield><datafield ind1=' ' ind2=' ' tag='959'><subfield code='a'>2008-07-03 09:17:33 -0500</subfield></datafield></record>