
<record><leader>01478cac a2200397 a 4500</leader><controlfield tag='001'>4091034</controlfield><controlfield tag='005'>20090505132858.0</controlfield><controlfield tag='008'>040112 18561984nyua     c    000 0 eng d</controlfield><datafield ind1=' ' ind2=' ' tag='040'><subfield code='a'>NjP</subfield><subfield code='c'>NjP</subfield></datafield><datafield ind1='2' ind2=' ' tag='110'><subfield code='a'>Charles Scribner&apos;s Sons.</subfield></datafield><datafield ind1='1' ind2='0' tag='245'><subfield code='a'>[Seasonal announcements.]</subfield></datafield><datafield ind1='1' ind2='3' tag='246'><subfield code='a'>Catalogue of Charles Scribner&apos;s Sons&apos; publications and importations</subfield></datafield><datafield ind1='1' ind2='3' tag='246'><subfield code='a'>Fall announcements</subfield></datafield><datafield ind1='1' ind2='3' tag='246'><subfield code='a'>Fall publications</subfield></datafield><datafield ind1='1' ind2='3' tag='246'><subfield code='a'>List of fall publications</subfield></datafield><datafield ind1='1' ind2='3' tag='246'><subfield code='a'>Spring publications</subfield></datafield><datafield ind1='1' ind2='3' tag='246'><subfield code='a'>List of spring publications</subfield></datafield><datafield ind1='1' ind2='3' tag='246'><subfield code='a'>Spring books</subfield></datafield><datafield ind1='1' ind2='3' tag='246'><subfield code='a'>Spring list</subfield></datafield><datafield ind1='1' ind2='3' tag='246'><subfield code='a'>Summer book list</subfield></datafield><datafield ind1='1' ind2='3' tag='246'><subfield code='a'>Summer list</subfield></datafield><datafield ind1='1' ind2='3' tag='246'><subfield code='a'>Descriptive catalogue of original American works</subfield></datafield><datafield ind1='1' ind2='3' tag='246'><subfield code='a'>Descriptive catalogue of the publications of Charles Scribner &amp; Co.</subfield></datafield><datafield ind1='1' ind2='3' tag='246'><subfield code='a'>Descriptive catalogue of the publications of Scribner, Armstrong &amp; Co.</subfield></datafield><datafield ind1=' ' ind2=' ' tag='260'><subfield code='a'>[New York,</subfield><subfield code='c'>1856-1984]</subfield></datafield><datafield ind1=' ' ind2=' ' tag='300'><subfield code='a'>23 v. ;</subfield><subfield code='c'>24 cm.</subfield></datafield><datafield ind1=' ' ind2=' ' tag='500'><subfield code='a'>Title varies.</subfield></datafield><datafield ind1=' ' ind2=' ' tag='500'><subfield code='a'>Binder&apos;s title: Seasonal announcements, [dates]</subfield><subfield code='5'>NjP</subfield></datafield><datafield ind1=' ' ind2=' ' tag='500'><subfield code='a'>Originally part of the Archives of Charles Scribner&apos;s Sons.</subfield></datafield><datafield ind1='2' ind2='0' tag='610'><subfield code='a'>Charles Scribner&apos;s Sons</subfield><subfield code='v'>Catalogs.</subfield></datafield><datafield ind1=' ' ind2='0' tag='650'><subfield code='a'>Publishers&apos; catalogs</subfield><subfield code='z'>United States.</subfield></datafield><datafield ind1=' ' ind2='0' tag='650'><subfield code='a'>Booksellers&apos; catalogs</subfield><subfield code='z'>United States.</subfield></datafield><datafield ind1=' ' ind2='7' tag='655'><subfield code='a'>Publishers&apos; catalogs</subfield><subfield code='z'>New York (State)</subfield><subfield code='z'>New York.</subfield><subfield code='2'>rbgenr</subfield></datafield><datafield ind1='2' ind2=' ' tag='710'><subfield code='a'>Scribner, Armstrong, and Company.</subfield></datafield><datafield ind1='2' ind2=' ' tag='710'><subfield code='a'>Charles Scribner and Company.</subfield></datafield><datafield ind1=' ' ind2=' ' tag='904'><subfield code='a'>pbe</subfield><subfield code='b'>g</subfield><subfield code='h'>m</subfield><subfield code='c'>s</subfield><subfield code='e'>20040112</subfield></datafield><datafield ind1='8' ind2=' ' tag='852'><subfield code='0'>4371971</subfield><subfield code='b'>ex</subfield><subfield code='h'>2004-0115N</subfield></datafield><datafield ind1=' ' ind2='0' tag='866'><subfield code='0'>4371971</subfield><subfield code='a'>1856-7 - 1980-1982</subfield></datafield><datafield ind1='8' ind2=' ' tag='852'><subfield code='0'>4376675</subfield><subfield code='b'>ex</subfield><subfield code='h'>2004-0116N</subfield></datafield><datafield ind1=' ' ind2='0' tag='866'><subfield code='0'>4376675</subfield><subfield code='a'>1927-1931, 1947-1949, 1950-1953</subfield></datafield><datafield ind1=' ' ind2=' ' tag='959'><subfield code='a'>2004-01-12 13:55:37 -0500</subfield></datafield></record>