
<record><leader>01382cam a2200373 a 4500</leader><controlfield tag='001'>5533798</controlfield><controlfield tag='005'>20111206135202.0</controlfield><controlfield tag='008'>061115s2006    stkab    b    001 0 eng  </controlfield><datafield ind1=' ' ind2=' ' tag='035'><subfield code='a'>(OCoLC)ocm76935538</subfield></datafield><datafield ind1=' ' ind2=' ' tag='035'><subfield code='a'>(OCoLC)ocn493977348</subfield></datafield><datafield ind1=' ' ind2=' ' tag='035'><subfield code='a'>(OCoLC)493977348</subfield></datafield><datafield ind1=' ' ind2=' ' tag='040'><subfield code='a'>UKM</subfield><subfield code='c'>UKM</subfield><subfield code='d'>YDXCP</subfield><subfield code='d'>EUX</subfield></datafield><datafield ind1=' ' ind2=' ' tag='015'><subfield code='a'>GBA6A1708</subfield><subfield code='2'>bnb</subfield></datafield><datafield ind1='7' ind2=' ' tag='016'><subfield code='a'>013617535</subfield><subfield code='2'>Uk</subfield></datafield><datafield ind1=' ' ind2=' ' tag='020'><subfield code='a'>9780903903394 (cased)</subfield></datafield><datafield ind1=' ' ind2=' ' tag='020'><subfield code='a'>0903903393 (cased)</subfield></datafield><datafield ind1=' ' ind2=' ' tag='035'><subfield code='a'>(OCoLC)76935538</subfield></datafield><datafield ind1=' ' ind2=' ' tag='042'><subfield code='a'>ukscp</subfield></datafield><datafield ind1=' ' ind2=' ' tag='043'><subfield code='a'>e-uk-st</subfield></datafield><datafield ind1=' ' ind2='4' tag='050'><subfield code='a'>DA880.D88</subfield><subfield code='b'>L683 2006</subfield></datafield><datafield ind1='0' ind2='4' tag='082'><subfield code='a'>936.147</subfield><subfield code='2'>22</subfield></datafield><datafield ind1='1' ind2=' ' tag='100'><subfield code='a'>Lowe, Christopher,</subfield><subfield code='d'>1956-</subfield></datafield><datafield ind1='1' ind2='0' tag='245'><subfield code='a'>Excavations at Hoddom, Dumfriesshire :</subfield><subfield code='b'>an early ecclesiastical site in South-West Scotland /</subfield><subfield code='c'>Christopher Lowe ; with specialist contributions by Daphne Brooke ... [et al.] ; principal illustrator Mike Middleton.</subfield></datafield><datafield ind1=' ' ind2=' ' tag='260'><subfield code='a'>Edinburgh :</subfield><subfield code='b'>Society of Antiquaries of Scotland,</subfield><subfield code='c'>2006.</subfield></datafield><datafield ind1=' ' ind2=' ' tag='300'><subfield code='a'>xvii, 222 p. :</subfield><subfield code='b'>ill., maps ;</subfield><subfield code='c'>29 cm.</subfield></datafield><datafield ind1=' ' ind2=' ' tag='504'><subfield code='a'>Includes bibliography (p. 205-213) and index.</subfield></datafield><datafield ind1=' ' ind2='0' tag='650'><subfield code='a'>Christian antiquities</subfield><subfield code='z'>Scotland</subfield><subfield code='z'>Dumfriesshire.</subfield></datafield><datafield ind1=' ' ind2='0' tag='650'><subfield code='a'>Excavations (Archaeology)</subfield><subfield code='z'>Scotland</subfield><subfield code='z'>Dumfriesshire.</subfield></datafield><datafield ind1=' ' ind2='0' tag='651'><subfield code='a'>Dumfriesshire (Scotland)</subfield><subfield code='x'>Antiquities.</subfield></datafield><datafield ind1='1' ind2=' ' tag='700'><subfield code='a'>Brooke, Daphne.</subfield></datafield><datafield ind1='2' ind2=' ' tag='710'><subfield code='a'>Society of Antiquaries of Scotland.</subfield></datafield><datafield ind1=' ' ind2=' ' tag='902'><subfield code='a'>df</subfield><subfield code='b'>m</subfield><subfield code='6'>a</subfield><subfield code='7'>m</subfield><subfield code='d'>v</subfield><subfield code='f'>1</subfield><subfield code='e'>20101122</subfield></datafield><datafield ind1=' ' ind2=' ' tag='904'><subfield code='a'>bv</subfield><subfield code='b'>o</subfield><subfield code='h'>m</subfield><subfield code='c'>b</subfield><subfield code='e'>20080731</subfield></datafield><datafield ind1=' ' ind2=' ' tag='999'><subfield code='a'>5533798</subfield></datafield><datafield ind1='0' ind2=' ' tag='852'><subfield code='0'>5665891</subfield><subfield code='b'>rcppj</subfield><subfield code='h'>DA880.D88</subfield><subfield code='i'>L683 2006</subfield></datafield><datafield ind1=' ' ind2=' ' tag='959'><subfield code='a'>2009-08-05 17:20:57 -0500</subfield></datafield></record>