
<record><leader>00772cam a2200241   4500</leader><controlfield tag='001'>2001804</controlfield><controlfield tag='005'>20150109111019.0</controlfield><controlfield tag='008'>750618s1918    gw f     b    000 0bger  </controlfield><datafield ind1=' ' ind2=' ' tag='010'><subfield code='a'>   30018235  </subfield></datafield><datafield ind1=' ' ind2=' ' tag='035'><subfield code='a'>(OCoLC)ocm01397695</subfield></datafield><datafield ind1=' ' ind2=' ' tag='035'><subfield code='9'>CHK2685TS</subfield></datafield><datafield ind1=' ' ind2=' ' tag='040'><subfield code='a'>DLC</subfield><subfield code='c'>UCW</subfield><subfield code='d'>SER</subfield><subfield code='d'>PUL</subfield></datafield><datafield ind1='0' ind2=' ' tag='050'><subfield code='a'>ND813.Z85</subfield><subfield code='b'>K4</subfield></datafield><datafield ind1=' ' ind2=' ' tag='082'><subfield code='a'>759.6</subfield></datafield><datafield ind1='1' ind2=' ' tag='100'><subfield code='a'>Kehrer, Hugo,</subfield><subfield code='d'>b. 1876</subfield></datafield><datafield ind1='1' ind2='0' tag='245'><subfield code='a'>Francisco de Zurbarán,</subfield><subfield code='c'>von Hugo Kehrer; mit einem Titelblatt und 87 Abbildungen.</subfield></datafield><datafield ind1=' ' ind2=' ' tag='260'><subfield code='a'>München,</subfield><subfield code='b'>H. Schmidt</subfield><subfield code='c'>[c1918]</subfield></datafield><datafield ind1=' ' ind2=' ' tag='300'><subfield code='a'>168 p.</subfield><subfield code='b'>front., 87 pl.</subfield><subfield code='c'>25 x 20 cm.</subfield></datafield><datafield ind1=' ' ind2=' ' tag='504'><subfield code='a'>&quot;Literatur-angabe&quot;: p. [162]-164.</subfield></datafield><datafield ind1='1' ind2='0' tag='600'><subfield code='a'>Zurbarán, Francisco de,</subfield><subfield code='d'>1598-1664.</subfield></datafield><datafield ind1='4' ind2=' ' tag='856'><subfield code='u'>http://hdl.handle.net/2027/njp.32101067661197</subfield></datafield><datafield ind1=' ' ind2=' ' tag='945'><subfield code='a'>SA</subfield><subfield code='b'>1</subfield><subfield code='c'>ND813.Z8</subfield><subfield code='d'>K2</subfield></datafield><datafield ind1=' ' ind2=' ' tag='911'><subfield code='a'>19981222</subfield></datafield><datafield ind1='0' ind2='0' tag='852'><subfield code='0'>2281391</subfield><subfield code='b'>rcppj</subfield><subfield code='t'>1</subfield><subfield code='h'>ND813.Z8</subfield><subfield code='i'>K2</subfield><subfield code='x'>tr fr sa</subfield><subfield code='x'>tr fr anxa</subfield></datafield><datafield ind1='8' ind2=' ' tag='852'><subfield code='0'>8707445</subfield><subfield code='b'>elf1</subfield><subfield code='h'>Electronic Resource</subfield></datafield><datafield ind1=' ' ind2=' ' tag='959'><subfield code='a'>2000-06-08 00:00:00 -0500</subfield></datafield></record>