
<record><leader>02907cam a22004455a 4500</leader><controlfield tag='001'>616086</controlfield><controlfield tag='005'>20150316121654.0</controlfield><controlfield tag='008'>901207m17471748enkfg         000 1 eng d</controlfield><datafield ind1=' ' ind2=' ' tag='035'><subfield code='a'>(OCoLC)13631815</subfield></datafield><datafield ind1=' ' ind2=' ' tag='035'><subfield code='a'>(CStRLIN)NJPG90-B55394</subfield></datafield><datafield ind1=' ' ind2=' ' tag='035'><subfield code='9'>ACV2208TS</subfield></datafield><datafield ind1=' ' ind2=' ' tag='040'><subfield code='a'>NhD</subfield><subfield code='c'>NhD</subfield><subfield code='d'>PU</subfield><subfield code='d'>NjP</subfield></datafield><datafield ind1=' ' ind2=' ' tag='043'><subfield code='a'>e-uk-en</subfield></datafield><datafield ind1='1' ind2=' ' tag='100'><subfield code='a'>Richardson, Samuel,</subfield><subfield code='d'>1689-1761.</subfield></datafield><datafield ind1='1' ind2='0' tag='240'><subfield code='a'>Clarissa</subfield></datafield><datafield ind1='1' ind2='0' tag='245'><subfield code='a'>Clarissa, or, The history of a young lady :</subfield><subfield code='b'>comprehending the most important concerns of private life : and particularly shewing, the distresses that may attend the misconduct both of parents and children, in relation to marriage /</subfield><subfield code='c'>published by the editor of Pamela.</subfield></datafield><datafield ind1=' ' ind2=' ' tag='260'><subfield code='a'>London :</subfield><subfield code='b'>Printed for S. Richardson and sold by A. Millar ... J. and Ja. Rivington ... John Osborn ... and by J. Leake, at Bath,</subfield><subfield code='c'>1748 [i.e. 1747-1748]</subfield></datafield><datafield ind1=' ' ind2=' ' tag='300'><subfield code='a'>7 v. :</subfield><subfield code='b'>music (1 folded leaf, engraved) ;</subfield><subfield code='c'>17 cm. (12mo)</subfield></datafield><datafield ind1=' ' ind2=' ' tag='500'><subfield code='a'>Novel.</subfield></datafield><datafield ind1=' ' ind2=' ' tag='500'><subfield code='a'>Vols. 3-7 have variant imprint: London : Printed by S. Richardson and sold by John Osborn ... Andrew Millar ... J. and Ja. Rivington ... and by J. Leake, at Bath, 1748.</subfield></datafield><datafield ind1='4' ind2=' ' tag='510'><subfield code='a'>Barchas, Janine. The Annotations in Lady Bradshaigh&apos;s Copy of Clarissa (Victoria,B.C., 1998).</subfield></datafield><datafield ind1='4' ind2=' ' tag='510'><subfield code='a'>Bernard Quaritch (Firm). Samuel Richardson, Jane Austen : the complete novels and a play. (London, 1987). [provenance and bibliographical description of Lady Bradshaigh&apos;s copy of Clarissa]. (Ex 2005-0745N)</subfield></datafield><datafield ind1='4' ind2=' ' tag='510'><subfield code='a'>Sale, W.M. Samuel Richardson, a bibliographical record,</subfield><subfield code='c'>p. 45-51.</subfield></datafield><datafield ind1='4' ind2=' ' tag='510'><subfield code='a'>ESTC</subfield><subfield code='c'>T058992.</subfield></datafield><datafield ind1=' ' ind2=' ' tag='500'><subfield code='a'>Vol. 2 has 1 folded leaf of plates facing p. 50, with words and music of verses 14-16 of &quot;Ode to wisdom.&quot;</subfield></datafield><datafield ind1=' ' ind2=' ' tag='500'><subfield code='3'>Ex copy:</subfield><subfield code='a'>Evidence for assigned physical description heading(s) discovered by staff during 2014 survey. For more exact details consult book.</subfield><subfield code='5'>NjP</subfield></datafield><datafield ind1=' ' ind2=' ' tag='561'><subfield code='a'>RHT c. 2  (18th-446) is Lady Dorothy Bradshaigh&apos;s copy with her marginal comments and the author&apos;s marginal replies; RHT c. 1 (18th-447) has bookplate of Ann Thomas and signature of Anne Thomas.</subfield><subfield code='5'>NjP</subfield></datafield><datafield ind1=' ' ind2=' ' tag='563'><subfield code='a'>RHT c. 1 (18th-447) in one blue morocco pull-off case; RHT c. 2 (18th-446) in seven fall-down-back boxes covered in red cloth and lined with marbled paper.</subfield><subfield code='5'>NjP</subfield></datafield><datafield ind1=' ' ind2=' ' tag='500'><subfield code='a'>WHS shelf-list has imprint date 1749.</subfield></datafield><datafield ind1=' ' ind2=' ' tag='561'><subfield code='a'>WHS shelf-list has no date of acquisition or name of vendor.</subfield><subfield code='5'>NjP</subfield></datafield><datafield ind1=' ' ind2=' ' tag='583'><subfield code='x'>mlc</subfield></datafield><datafield ind1=' ' ind2='0' tag='651'><subfield code='a'>England</subfield><subfield code='x'>Social life and customs</subfield><subfield code='y'>18th century</subfield><subfield code='x'>Fiction.</subfield></datafield><datafield ind1=' ' ind2='0' tag='650'><subfield code='a'>Young women</subfield><subfield code='z'>England</subfield><subfield code='x'>Crimes against</subfield><subfield code='x'>Fiction.</subfield></datafield><datafield ind1=' ' ind2='7' tag='655'><subfield code='a'>Authors&apos; annotations (Provenance)</subfield><subfield code='y'>18th century.</subfield><subfield code='2'>rbprov</subfield></datafield><datafield ind1=' ' ind2='7' tag='655'><subfield code='a'>Annotations.</subfield><subfield code='2'>rbprov</subfield></datafield><datafield ind1='1' ind2=' ' tag='700'><subfield code='a'>Bradshaigh, Dorothy,</subfield><subfield code='c'>Lady,</subfield><subfield code='d'>approximately 1708-1785,</subfield><subfield code='e'>annotator.</subfield><subfield code='5'>NjP.</subfield></datafield><datafield ind1='1' ind2=' ' tag='700'><subfield code='a'>Richardson, Samuel,</subfield><subfield code='d'>1689-1761,</subfield><subfield code='e'>annotator.</subfield><subfield code='5'>NjP</subfield></datafield><datafield ind1=' ' ind2=' ' tag='998'><subfield code='a'>12/07/90</subfield><subfield code='s'>9114</subfield><subfield code='n'>NjP</subfield><subfield code='w'>NHDG85B870</subfield><subfield code='d'>12/07/90</subfield><subfield code='c'>MRF</subfield><subfield code='b'>MRF</subfield><subfield code='i'>901207</subfield><subfield code='l'>NJPG</subfield></datafield><datafield ind1=' ' ind2=' ' tag='911'><subfield code='a'>19921028</subfield></datafield><datafield ind1=' ' ind2=' ' tag='912'><subfield code='a'>19951010033027.0</subfield></datafield><datafield ind1='8' ind2='0' tag='852'><subfield code='0'>675720</subfield><subfield code='b'>hsvr</subfield><subfield code='c'>RHT</subfield><subfield code='t'>1</subfield><subfield code='h'>18th-447</subfield></datafield><datafield ind1='8' ind2='0' tag='852'><subfield code='0'>675721</subfield><subfield code='b'>hsvr</subfield><subfield code='c'>RHT</subfield><subfield code='t'>2</subfield><subfield code='h'>18th-446</subfield></datafield><datafield ind1='8' ind2='0' tag='852'><subfield code='0'>675722</subfield><subfield code='b'>ex</subfield><subfield code='t'>1</subfield><subfield code='h'>2015-0801N</subfield><subfield code='x'>Recat. 12/7/90</subfield><subfield code='x'>Former call number: (EX) 3907.7.36</subfield></datafield><datafield ind1='8' ind2=' ' tag='852'><subfield code='0'>5132983</subfield><subfield code='b'>whs</subfield><subfield code='t'>1</subfield><subfield code='h'>30.3.1</subfield></datafield><datafield ind1=' ' ind2='0' tag='866'><subfield code='0'>5132983</subfield><subfield code='a'>vol.1</subfield></datafield><datafield ind1='8' ind2=' ' tag='852'><subfield code='0'>5132984</subfield><subfield code='b'>whs</subfield><subfield code='t'>1</subfield><subfield code='h'>30.3.2</subfield></datafield><datafield ind1=' ' ind2='0' tag='866'><subfield code='0'>5132984</subfield><subfield code='a'>vol.2</subfield></datafield><datafield ind1='8' ind2=' ' tag='852'><subfield code='0'>5132985</subfield><subfield code='b'>whs</subfield><subfield code='t'>1</subfield><subfield code='h'>30.3.3</subfield></datafield><datafield ind1=' ' ind2='0' tag='866'><subfield code='0'>5132985</subfield><subfield code='a'>vol.3</subfield></datafield><datafield ind1='8' ind2=' ' tag='852'><subfield code='0'>5132988</subfield><subfield code='b'>whs</subfield><subfield code='t'>1</subfield><subfield code='h'>30.3.4</subfield></datafield><datafield ind1=' ' ind2='0' tag='866'><subfield code='0'>5132988</subfield><subfield code='a'>vol.4</subfield></datafield><datafield ind1='8' ind2=' ' tag='852'><subfield code='0'>5132991</subfield><subfield code='b'>whs</subfield><subfield code='t'>1</subfield><subfield code='h'>30.3.5</subfield></datafield><datafield ind1=' ' ind2='0' tag='866'><subfield code='0'>5132991</subfield><subfield code='a'>vol.5</subfield></datafield><datafield ind1='8' ind2=' ' tag='852'><subfield code='0'>5132995</subfield><subfield code='b'>whs</subfield><subfield code='t'>1</subfield><subfield code='h'>30.3.6</subfield></datafield><datafield ind1=' ' ind2='0' tag='866'><subfield code='0'>5132995</subfield><subfield code='a'>vol.6</subfield></datafield><datafield ind1='8' ind2=' ' tag='852'><subfield code='0'>5133005</subfield><subfield code='b'>whs</subfield><subfield code='t'>1</subfield><subfield code='h'>30.3.7</subfield></datafield><datafield ind1=' ' ind2='0' tag='866'><subfield code='0'>5133005</subfield><subfield code='a'>vol.7</subfield></datafield><datafield ind1=' ' ind2=' ' tag='959'><subfield code='a'>2015-03-16 12:17:33 -0500</subfield></datafield></record>