
<record><leader>03670cas a2200517 a 4500</leader><controlfield tag='001'>8606339</controlfield><controlfield tag='005'>20151030202028.0</controlfield><controlfield tag='006'>m     o  d        </controlfield><controlfield tag='007'>cr mn |||||a|a</controlfield><controlfield tag='008'>010606c18699999enkwr pso     0    0eng c</controlfield><datafield ind1=' ' ind2=' ' tag='010'><subfield code='a'>--2005233250</subfield></datafield><datafield ind1='0' ind2=' ' tag='022'><subfield code='a'>1476-4687</subfield><subfield code='l'>0028-0836</subfield><subfield code='y'>1476-4679</subfield><subfield code='y'>0028-0836</subfield></datafield><datafield ind1=' ' ind2=' ' tag='035'><subfield code='a'>(SFX)954925427238</subfield></datafield><datafield ind1=' ' ind2=' ' tag='035'><subfield code='a'>(SFX)  2005233250</subfield></datafield><datafield ind1=' ' ind2=' ' tag='042'><subfield code='a'>pcc</subfield></datafield><datafield ind1='1' ind2='4' tag='050'><subfield code='a'>Q1</subfield></datafield><datafield ind1=' ' ind2=' ' tag='090'><subfield code='a'>Electronic Resource</subfield></datafield><datafield ind1='0' ind2=' ' tag='130'><subfield code='a'>Nature (Online)</subfield></datafield><datafield ind1='0' ind2='0' tag='210'><subfield code='a'>NATURE (LOND)</subfield></datafield><datafield ind1='1' ind2=' ' tag='210'><subfield code='a'>Nature</subfield><subfield code='b'>(Basingstoke, Online)</subfield></datafield><datafield ind1=' ' ind2='0' tag='222'><subfield code='a'>Nature</subfield></datafield><datafield ind1='1' ind2='0' tag='245'><subfield code='a'>Nature</subfield><subfield code='h'>[electronic resource].</subfield></datafield><datafield ind1=' ' ind2=' ' tag='260'><subfield code='a'>[London] :</subfield><subfield code='b'>Nature Pub. Group</subfield></datafield><datafield ind1=' ' ind2=' ' tag='310'><subfield code='a'>Weekly</subfield></datafield><datafield ind1=' ' ind2=' ' tag='336'><subfield code='a'>text</subfield><subfield code='b'>txt</subfield><subfield code='2'>rdacontent</subfield></datafield><datafield ind1=' ' ind2=' ' tag='337'><subfield code='a'>computer</subfield><subfield code='b'>c</subfield><subfield code='2'>rdamedia</subfield></datafield><datafield ind1=' ' ind2=' ' tag='338'><subfield code='a'>online resource</subfield><subfield code='b'>cr</subfield><subfield code='2'>rdacarrier</subfield></datafield><datafield ind1='1' ind2=' ' tag='362'><subfield code='a'>Print began with v. 1 (Nov. 4, 1869).</subfield></datafield><datafield ind1=' ' ind2=' ' tag='588'><subfield code='a'>Description based on: Vol. 385, no. 6612 (Jan. 9, 1997); title from journal homepage (publisher&apos;s Web site, viewed Sept. 28, 2005).</subfield></datafield><datafield ind1=' ' ind2=' ' tag='588'><subfield code='a'>Latest issue consulted: Vol. 437, no. 7058 (22 Sept. 2005), viewed Sept. 28, 2005.</subfield></datafield><datafield ind1=' ' ind2='0' tag='650'><subfield code='a'>Science</subfield><subfield code='v'>Periodicals.</subfield></datafield><datafield ind1='2' ind2=' ' tag='710'><subfield code='a'>Nature Publishing Group.</subfield></datafield><datafield ind1='0' ind2='8' tag='776'><subfield code='i'>Print version:</subfield><subfield code='t'>Nature</subfield><subfield code='x'>0028-0836</subfield><subfield code='w'>(DLC)   12037118</subfield><subfield code='w'>(OCoLC)1586310</subfield></datafield><datafield ind1='4' ind2='0' tag='856'><subfield code='u'>http://getit.princeton.edu/resolve?url%5Fver=Z39.88-2004&amp;ctx%5Fver=Z39.88-2004&amp;ctx%5Fenc=info:ofi/enc:UTF-8&amp;rfr%5Fid=info:sid/sfxit.com:opac%5F856&amp;url%5Fctx%5Ffmt=info:ofi/fmt:kev:mtx:ctx&amp;sfx.ignore%5Fdate%5Fthreshold=1&amp;rft.object%5Fid=954925427238&amp;svc%5Fval%5Ffmt=info:ofi/fmt:kev:mtx:sch%5Fsvc&amp;</subfield><subfield code='z'>View Princeton&apos;s online holdings</subfield></datafield><datafield ind1='8' ind2=' ' tag='852'><subfield code='0'>8341193</subfield><subfield code='b'>elf1</subfield><subfield code='h'>Electronic Resource</subfield></datafield><datafield ind1=' ' ind2=' ' tag='959'><subfield code='a'>2014-08-20 15:23:23 -0500</subfield></datafield></record>