
<record><leader>01639cam a22003858i 4500</leader><controlfield tag='001'>9222024</controlfield><controlfield tag='005'>20151123093203.0</controlfield><controlfield tag='008'>150629s2015    pau          s000 1 eng  </controlfield><datafield ind1=' ' ind2=' ' tag='010'><subfield code='a'>  2015025366</subfield></datafield><datafield ind1=' ' ind2=' ' tag='035'><subfield code='a'>(OCoLC)ocn910334443</subfield></datafield><datafield ind1=' ' ind2=' ' tag='040'><subfield code='a'>DLC</subfield><subfield code='b'>eng</subfield><subfield code='e'>rda</subfield><subfield code='c'>DLC</subfield><subfield code='d'>YDXCP</subfield><subfield code='d'>BTCTA</subfield><subfield code='d'>BDX</subfield><subfield code='d'>IWE</subfield><subfield code='d'>OCLCO</subfield><subfield code='d'>CDX</subfield><subfield code='d'>WIM</subfield></datafield><datafield ind1=' ' ind2=' ' tag='020'><subfield code='a'>9780822944423 (hardcover : alk. paper)</subfield></datafield><datafield ind1=' ' ind2=' ' tag='020'><subfield code='a'>0822944421 (hardcover : alk. paper)</subfield></datafield><datafield ind1=' ' ind2=' ' tag='035'><subfield code='a'>(OCoLC)910334443</subfield></datafield><datafield ind1=' ' ind2=' ' tag='042'><subfield code='a'>pcc</subfield></datafield><datafield ind1='0' ind2='0' tag='050'><subfield code='a'>PS3566.I428</subfield><subfield code='b'>A6 2015</subfield></datafield><datafield ind1='0' ind2='0' tag='082'><subfield code='a'>813/.54</subfield><subfield code='2'>23</subfield></datafield><datafield ind1=' ' ind2=' ' tag='049'><subfield code='a'>PULL</subfield></datafield><datafield ind1='1' ind2=' ' tag='100'><subfield code='a'>Pietrzyk, Leslie,</subfield><subfield code='d'>1961-</subfield></datafield><datafield ind1='1' ind2='0' tag='240'><subfield code='a'>Short stories.</subfield><subfield code='k'>Selections</subfield></datafield><datafield ind1='1' ind2='0' tag='245'><subfield code='a'>This angel on my chest :</subfield><subfield code='b'>stories /</subfield><subfield code='c'>Leslie Pietrzyk.</subfield></datafield><datafield ind1=' ' ind2=' ' tag='263'><subfield code='a'>1510</subfield></datafield><datafield ind1=' ' ind2='1' tag='264'><subfield code='a'>Pittsburgh, PA :</subfield><subfield code='b'>University of Pittsburgh Press,</subfield><subfield code='c'>[2015]</subfield></datafield><datafield ind1=' ' ind2=' ' tag='300'><subfield code='a'>216 pages ;</subfield><subfield code='c'>22 cm</subfield></datafield><datafield ind1=' ' ind2=' ' tag='336'><subfield code='a'>text</subfield><subfield code='2'>rdacontent</subfield></datafield><datafield ind1=' ' ind2=' ' tag='337'><subfield code='a'>unmediated</subfield><subfield code='2'>rdamedia</subfield></datafield><datafield ind1=' ' ind2=' ' tag='338'><subfield code='a'>volume</subfield><subfield code='2'>rdacarrier</subfield></datafield><datafield ind1=' ' ind2=' ' tag='500'><subfield code='a'>&quot;Drue Heinz Literature Prize&quot;</subfield></datafield><datafield ind1=' ' ind2=' ' tag='520'><subfield code='a'>This Angel on My Chest is a collection of unconventionally linked stories, each about a different young woman whose husband dies suddenly and unexpectedly.</subfield></datafield><datafield ind1='0' ind2='0' tag='505'><subfield code='t'>Ten things --</subfield><subfield code='t'>Acquiescence --</subfield><subfield code='t'>A quiz --</subfield><subfield code='t'>Heat --</subfield><subfield code='t'>In a dream --</subfield><subfield code='t'>One art --</subfield><subfield code='t'>Do you believe in ghosts? --</subfield><subfield code='t'>Slut --</subfield><subfield code='t'>I am the widow --</subfield><subfield code='t'>One true thing --</subfield><subfield code='t'>Someone in Nebraska --</subfield><subfield code='t'>What I could buy --</subfield><subfield code='t'>Truth-telling for adults --</subfield><subfield code='t'>Chapter ten: an index of food (draft) --</subfield><subfield code='t'>The circle --</subfield><subfield code='t'>Present tense.</subfield></datafield><datafield ind1=' ' ind2='0' tag='650'><subfield code='a'>Sudden death</subfield><subfield code='v'>Fiction.</subfield></datafield><datafield ind1=' ' ind2='0' tag='650'><subfield code='a'>Loss (Psychology)</subfield><subfield code='v'>Fiction.</subfield></datafield><datafield ind1=' ' ind2='0' tag='650'><subfield code='a'>Grief</subfield><subfield code='v'>Fiction.</subfield></datafield><datafield ind1=' ' ind2=' ' tag='904'><subfield code='a'>dls</subfield><subfield code='b'>a</subfield><subfield code='h'>m</subfield><subfield code='c'>b</subfield><subfield code='e'>20151123</subfield></datafield><datafield ind1=' ' ind2=' ' tag='902'><subfield code='a'>dls</subfield><subfield code='b'>l</subfield><subfield code='6'>a</subfield><subfield code='7'>m</subfield><subfield code='d'>v</subfield><subfield code='f'>1</subfield><subfield code='e'>20151123</subfield></datafield><datafield ind1='0' ind2=' ' tag='852'><subfield code='0'>9092827</subfield><subfield code='b'>dixn</subfield><subfield code='h'>PS3566.I428</subfield><subfield code='i'>A6 2015</subfield></datafield><datafield ind1=' ' ind2=' ' tag='959'><subfield code='a'>2015-11-23 09:32:13 -0500</subfield></datafield></record>