
<record><leader>01047cam a2200277Mi 4500</leader><controlfield tag='001'>8938641</controlfield><controlfield tag='005'>20150219192945.0</controlfield><controlfield tag='006'>m     o  d        </controlfield><controlfield tag='007'>cr un ---uuuua</controlfield><controlfield tag='008'>101105s2017    miuab   os    001 0 eng d</controlfield><datafield ind1=' ' ind2=' ' tag='035'><subfield code='a'>(OCoLC)ocn893425765</subfield></datafield><datafield ind1=' ' ind2=' ' tag='040'><subfield code='a'>GGVRL</subfield><subfield code='b'>eng</subfield><subfield code='e'>rda</subfield><subfield code='c'>GGVRL</subfield><subfield code='d'>OCLCO</subfield><subfield code='d'>YDXCP</subfield></datafield><datafield ind1=' ' ind2=' ' tag='020'><subfield code='a'>9781410319289 (electronic book)</subfield></datafield><datafield ind1='0' ind2='0' tag='245'><subfield code='a'>Manufacturing &amp; distribution USA</subfield></datafield><datafield ind1='3' ind2=' ' tag='246'><subfield code='a'>Manufacturing and distribution USA :   industry analyses, statistics and leading companies</subfield></datafield><datafield ind1=' ' ind2=' ' tag='250'><subfield code='a'>Ninth edition.</subfield></datafield><datafield ind1=' ' ind2='1' tag='264'><subfield code='a'>Farmington Hills, Mich. :</subfield><subfield code='b'>Gale, Cengage Learning,</subfield><subfield code='c'>2017.</subfield></datafield><datafield ind1=' ' ind2=' ' tag='300'><subfield code='a'>1 online resource (3 volumes) :</subfield><subfield code='b'>illustrations, maps.</subfield></datafield><datafield ind1=' ' ind2=' ' tag='336'><subfield code='a'>text</subfield><subfield code='b'>txt</subfield><subfield code='2'>rdacontent</subfield></datafield><datafield ind1=' ' ind2=' ' tag='337'><subfield code='a'>computer</subfield><subfield code='b'>c</subfield><subfield code='2'>rdamedia</subfield></datafield><datafield ind1=' ' ind2=' ' tag='338'><subfield code='a'>online resource</subfield><subfield code='b'>cr</subfield><subfield code='2'>rdacarrier</subfield></datafield><datafield ind1=' ' ind2='0' tag='650'><subfield code='a'>Manufacturing industries</subfield><subfield code='z'>United States</subfield><subfield code='v'>Statistics.</subfield></datafield><datafield ind1=' ' ind2='0' tag='650'><subfield code='a'>Wholesale trade</subfield><subfield code='z'>United States</subfield><subfield code='v'>Statistics.</subfield></datafield><datafield ind1=' ' ind2='0' tag='650'><subfield code='a'>Retail trade</subfield><subfield code='z'>United States</subfield><subfield code='v'>Statistics.</subfield></datafield><datafield ind1=' ' ind2='0' tag='650'><subfield code='a'>Industries</subfield><subfield code='x'>Classification.</subfield></datafield><datafield ind1=' ' ind2=' ' tag='904'><subfield code='a'>twm</subfield><subfield code='b'>o</subfield><subfield code='h'>n</subfield><subfield code='c'>b</subfield><subfield code='e'>20150219</subfield></datafield><datafield ind1='0' ind2=' ' tag='852'><subfield code='0'>8856502</subfield><subfield code='b'>elf3</subfield></datafield><datafield ind1=' ' ind2=' ' tag='959'><subfield code='a'>2015-02-19 19:29:45 -0500</subfield></datafield></record>