
<record xmlns='http://www.loc.gov/MARC21/slim'><leader>04605ctm a2200577Ia 4500</leader><controlfield tag='001'>4705304</controlfield><controlfield tag='005'>20130517100631.0</controlfield><controlfield tag='008'>060419s1501    xx p          000 0 ara d</controlfield><datafield ind1=' ' ind2=' ' tag='035'><subfield code='a'>(OCoLC)ocm67146416</subfield></datafield><datafield ind1=' ' ind2=' ' tag='040'><subfield code='a'>PUL</subfield><subfield code='c'>PUL</subfield><subfield code='e'>amremm</subfield></datafield><datafield ind1=' ' ind2=' ' tag='043'><subfield code='a'>n-us-nj</subfield></datafield><datafield ind1=' ' ind2=' ' tag='049'><subfield code='a'>PULL</subfield></datafield><datafield ind1='1' ind2=' ' tag='100'><subfield code='6'>880-01</subfield><subfield code='a'>Dawwānī, Muḥammad ibn Asʻad,</subfield><subfield code='d'>1426 or 1427-1512 or 1513.</subfield></datafield><datafield ind1='1' ind2='0' tag='245'><subfield code='6'>880-02</subfield><subfield code='a'>Risālat al-Zawrāʼ.</subfield><subfield code='b'>Ḥāshiyah ʻalá al-Zawrāʼ ... [etc.].</subfield></datafield><datafield ind1=' ' ind2=' ' tag='260'><subfield code='c'>[1501]</subfield></datafield><datafield ind1=' ' ind2=' ' tag='300'><subfield code='a'>i, 150 leaves, i :</subfield><subfield code='b'>paper, ill. ;</subfield><subfield code='c'>170 x 101 (125 x 55) mm. bound to 175 x 111 mm.</subfield></datafield><datafield ind1=' ' ind2=' ' tag='500'><subfield code='a'>Title supplied by cataloger.</subfield></datafield><datafield ind1=' ' ind2=' ' tag='500'><subfield code='a'>Ms. codex.</subfield></datafield><datafield ind1='8' ind2=' ' tag='520'><subfield code='a'>Illuminated copy of nine texts and commentaries on kalām and logic.</subfield></datafield><datafield ind1=' ' ind2=' ' tag='500'><subfield code='a'>19 lines per page. Written in a small naskh using black ink, with some red for important words, to write &quot;qawluh&quot; or to underline the commented text. Illuminated headpiece on fol. 1b. From text 2, the beginning of each text is decorated by an illuminated panel with the same floral motifs (fol. 7b, 21b, 27b, 32b, 44b, 56b, 98b, 133b). The text is written within a gilt and red and blue border, with a red outerframe on the edge of the page. The occasional marginalia are from the author. Contains some collation notes. Table of contents by a later hand on fol. 1a (prev. 2a). Modern foliation in pencil using Western numerals (includes the first free endpaper ; fol. between fol. 7 and 8 blank).</subfield></datafield><datafield ind1=' ' ind2=' ' tag='500'><subfield code='a'>Decoration: Contains six miniatures, representing learned men (fol. 27a, 54b, 103a, 132b, 133a, 140b). On fol 27a : Outdoor scene representing a sitting man wearing a brown and green garnment and a white and red turban. On fol. 54b : Outdoor scene with two men facing each other, the one on the left  reading a text on a roll and the one of the right pointing to the sky with the index of his right hand, and to the ground with the index of his left hand. On fol. 103a : Indoor scene with two sitting men. The one on the left, dressed in green and red, reads a book to the one one the right, dressed in yellow. On fol. 132b : A standing man dressed in blue and yellow meditating. On fol. 133a : A standing man dressed in green and purple with a cane in his right hand meditating. On fol. 140b : Indoor scene representing two men sitting and discussing on the fore ground with a book laying between them; third man in the background coming in, a leaf with text in his hand.</subfield></datafield><datafield ind1=' ' ind2=' ' tag='500'><subfield code='a'>Copied from Ṣafar to Rabīʻ al-Thānī 907 by Aḥmad ibn ʻAlī ibn Abī Bakr (colophons).</subfield></datafield><datafield ind1='0' ind2=' ' tag='505'><subfield code='a'>1. fol. 1b-7a : [Risalat al-Zawrāʼ] / Muḥammad ibn Asʻad Dawwānī.</subfield></datafield><datafield ind1='8' ind2=' ' tag='505'><subfield code='a'>2. fol. 7b-21a : al-Ḥāshiyah ʻalá al-Zawrāʼ / Muḥammad ibn Asʻad Dawwānī.</subfield></datafield><datafield ind1='8' ind2=' ' tag='505'><subfield code='a'>3. fol. 21b-26b : al-Ḥāshiyah ʻalá khuṭbat al-Zawrāʼ / Muḥammad ibn Asʻad Dawwānī.</subfield></datafield><datafield ind1='8' ind2=' ' tag='505'><subfield code='a'>4. fol. 27b-32a : al-Risālah fī khalq al-aʻmāl / Muḥammad ibn Asʻad Dawwānī.</subfield></datafield><datafield ind1='8' ind2=' ' tag='505'><subfield code='a'>5. fol. 32b-43b : Risālah fī taʻrīf ʻilm al-kalām / Muḥammad ibn Asʻad Dawwānī.</subfield></datafield><datafield ind1='8' ind2=' ' tag='505'><subfield code='a'>6. fol. 44b-56a : Sharḥ khuṭbat al-Ṭawāliʻ / Muḥammad ibn Asʻad Dawwānī.</subfield></datafield><datafield ind1='8' ind2=' ' tag='505'><subfield code='a'>7. fol. 56b-97b : Ḥāshiyat al-Tahdhīb / Muḥammad ibn Asʻad Dawwānī.</subfield></datafield><datafield ind1='8' ind2=' ' tag='505'><subfield code='a'>8. fol. 98b-132a : [Ḥawāshī ʻalá Maṭāliʻ al-anwār] / Muḥammad ibn Asʻad Dawwānī.</subfield></datafield><datafield ind1='8' ind2=' ' tag='505'><subfield code='a'>9. fol. 133b-150b : Ḥāshiyat al-Risālah al-shamsīyah / Muḥammad ibn Asʻad Dawwānī.</subfield></datafield><datafield ind1=' ' ind2=' ' tag='563'><subfield code='a'>Upper and lower covers made of dark-brown leather over paper pasteboards with deeply impressed gold and black corner pieces and central mandorla with two pendants on the vertical axis. Repaired and re-backed.</subfield></datafield><datafield ind1=' ' ind2='0' tag='650'><subfield code='a'>Islam</subfield><subfield code='x'>Doctrines</subfield><subfield code='v'>Early works to 1800.</subfield></datafield><datafield ind1=' ' ind2='0' tag='650'><subfield code='a'>Manuscripts, Arabic</subfield><subfield code='z'>New Jersey</subfield><subfield code='z'>Princeton.</subfield></datafield><datafield ind1=' ' ind2='7' tag='655'><subfield code='a'>Manuscripts, Arabic</subfield><subfield code='y'>16th century.</subfield><subfield code='2'>lcsh</subfield></datafield><datafield ind1=' ' ind2='7' tag='655'><subfield code='a'>Illuminated manuscripts</subfield><subfield code='z'>Islamic Empire</subfield><subfield code='y'>16th century.</subfield><subfield code='2'>aat</subfield></datafield><datafield ind1=' ' ind2='7' tag='655'><subfield code='a'>Headpieces (layout features)</subfield><subfield code='z'>Islamic Empire</subfield><subfield code='y'>16th century.</subfield><subfield code='2'>aat</subfield></datafield><datafield ind1=' ' ind2='7' tag='655'><subfield code='a'>Miniatures (Illuminations)</subfield><subfield code='z'>Islamic Empire</subfield><subfield code='y'>16th century.</subfield><subfield code='2'>gmgpc</subfield></datafield><datafield ind1='0' ind2=' ' tag='774'><subfield code='w'>4705307</subfield></datafield><datafield ind1='0' ind2=' ' tag='774'><subfield code='w'>4705340</subfield></datafield><datafield ind1='0' ind2=' ' tag='774'><subfield code='w'>4705359</subfield></datafield><datafield ind1='0' ind2=' ' tag='774'><subfield code='w'>4705365</subfield></datafield><datafield ind1='0' ind2=' ' tag='774'><subfield code='w'>4705369</subfield></datafield><datafield ind1='0' ind2=' ' tag='774'><subfield code='w'>4705377</subfield></datafield><datafield ind1='0' ind2=' ' tag='774'><subfield code='w'>4705374</subfield></datafield><datafield ind1='0' ind2=' ' tag='774'><subfield code='w'>4705383</subfield></datafield><datafield ind1='0' ind2=' ' tag='774'><subfield code='w'>4705386</subfield></datafield><datafield ind1='1' ind2=' ' tag='880'><subfield code='6'>100-01//r</subfield><subfield code='a'>دواني، محمد بن اسعد</subfield></datafield><datafield ind1='1' ind2='0' tag='880'><subfield code='6'>245-02//r</subfield><subfield code='a'>رسالة الزوراء.</subfield><subfield code='b'>حاشية على الزوراء</subfield></datafield><datafield ind1='4' ind2='1' tag='856'><subfield code='u'>http://arks.princeton.edu/ark:/88435/9k41zd556</subfield></datafield><datafield ind1=' ' ind2=' ' tag='902'><subfield code='a'>ceb</subfield><subfield code='b'>o</subfield><subfield code='6'>t</subfield><subfield code='7'>m</subfield><subfield code='d'>v</subfield><subfield code='f'>0</subfield><subfield code='e'>20060419</subfield></datafield><datafield ind1='8' ind2=' ' tag='852'><subfield code='0'>4929167</subfield><subfield code='b'>hsvm</subfield><subfield code='h'>Islamic Manuscripts, New Series no. 1948</subfield><subfield code='x'>tr fr mss</subfield></datafield><datafield ind1=' ' ind2=' ' tag='959'><subfield code='a'>2006-04-19 16:17:58 -0500</subfield></datafield></record>