
<record xmlns='http://www.loc.gov/MARC21/slim'><leader>01510cta a2200301Ia 4500</leader><controlfield tag='001'>4705307</controlfield><controlfield tag='005'>20130517100631.0</controlfield><controlfield tag='008'>060419s1501    xx            000 0 ara d</controlfield><datafield ind1=' ' ind2=' ' tag='035'><subfield code='a'>(OCoLC)ocm67146578</subfield></datafield><datafield ind1=' ' ind2=' ' tag='040'><subfield code='a'>PUL</subfield><subfield code='c'>PUL</subfield><subfield code='e'>amremm</subfield></datafield><datafield ind1=' ' ind2=' ' tag='043'><subfield code='a'>n-us-nj</subfield></datafield><datafield ind1=' ' ind2=' ' tag='049'><subfield code='a'>PULL</subfield></datafield><datafield ind1='1' ind2=' ' tag='100'><subfield code='6'>880-01</subfield><subfield code='a'>Dawwānī, Muḥammad ibn Asʻad,</subfield><subfield code='d'>1426 or 1427-1512 or 1513.</subfield></datafield><datafield ind1='1' ind2='0' tag='245'><subfield code='6'>880-02</subfield><subfield code='a'>[Risālat al-Zawrāʼ].</subfield></datafield><datafield ind1=' ' ind2=' ' tag='260'><subfield code='c'>[1501]</subfield></datafield><datafield ind1=' ' ind2=' ' tag='500'><subfield code='a'>Ms. component part.</subfield></datafield><datafield ind1='8' ind2=' ' tag='520'><subfield code='a'>Treatise on theological and philosophical questions, composed in Jumādá al-Thānī 871 [1467].</subfield></datafield><datafield ind1=' ' ind2=' ' tag='500'><subfield code='a'>Title supplied by cataloguer.</subfield></datafield><datafield ind1=' ' ind2=' ' tag='500'><subfield code='a'>Copied in Ṣafar 907 by Aḥmad ibn ʻAlī (colophon of the Ḥāshiyat khuṭbat al-Zawrāʼ, fol. 26b).</subfield></datafield><datafield ind1='4' ind2=' ' tag='510'><subfield code='a'>Mach-Ormsby. Handlist (New Series),</subfield><subfield code='c'>1005</subfield></datafield><datafield ind1='4' ind2=' ' tag='510'><subfield code='a'>Brockelmann, C. GAL,</subfield><subfield code='c'>II, 218/20</subfield></datafield><datafield ind1=' ' ind2='0' tag='650'><subfield code='a'>Islam</subfield><subfield code='x'>Doctrines</subfield><subfield code='v'>Early works to 1800.</subfield></datafield><datafield ind1=' ' ind2='0' tag='650'><subfield code='a'>Manuscripts, Arabic</subfield><subfield code='z'>New Jersey</subfield><subfield code='z'>Princeton.</subfield></datafield><datafield ind1='0' ind2=' ' tag='773'><subfield code='7'>nntm</subfield><subfield code='a'>Dawwānī, Muḥammad ibn Asʻad, 1426 or 7-1512 or 13</subfield><subfield code='t'>Risālat al-Zawrāʼ ... [etc.],</subfield><subfield code='g'>fol. 1b-7a</subfield><subfield code='w'>4705304</subfield></datafield><datafield ind1='1' ind2=' ' tag='880'><subfield code='6'>100-01//r</subfield><subfield code='a'>دواني، محمد بن اسعد</subfield></datafield><datafield ind1='1' ind2='0' tag='880'><subfield code='6'>245-02//r</subfield><subfield code='a'>[رسالة الزوراء]</subfield></datafield><datafield ind1=' ' ind2=' ' tag='880'><subfield code='6'>500-00//r</subfield><subfield code='a'>Incipit: بسم ... وبه الاستعان الحمد لذاته ... وبعد فهذه نبذة من الحقايق بل زبدة من الدقايق</subfield></datafield><datafield ind1=' ' ind2=' ' tag='880'><subfield code='6'>500-00//r</subfield><subfield code='a'>Explicit: خصوصا سيدنا سيد الكل في الكل وعلى آله وصحبه اجمعين</subfield></datafield><datafield ind1='8' ind2=' ' tag='852'><subfield code='0'>4929171</subfield><subfield code='b'>hsvm</subfield><subfield code='h'>Islamic Manuscripts, New Series no. 1948</subfield><subfield code='x'>tr fr mss</subfield></datafield></record>