
<record xmlns='http://www.loc.gov/MARC21/slim'><leader>01361cam a2200373 a 4500</leader><controlfield tag='001'>3861539</controlfield><controlfield tag='005'>20160121133330.0</controlfield><controlfield tag='008'>030315m19831986ch a          001 0 chi  </controlfield><datafield ind1=' ' ind2=' ' tag='010'><subfield code='a'>   84113179 </subfield></datafield><datafield ind1=' ' ind2=' ' tag='035'><subfield code='a'>(OCoLC)ocm10875947</subfield></datafield><datafield ind1=' ' ind2=' ' tag='040'><subfield code='a'>DLC</subfield><subfield code='c'>DLC</subfield><subfield code='d'>OCLCQ</subfield><subfield code='d'>OCL</subfield><subfield code='d'>PUL</subfield></datafield><datafield ind1=' ' ind2=' ' tag='066'><subfield code='c'>$1</subfield></datafield><datafield ind1='0' ind2='0' tag='050'><subfield code='a'>AC149</subfield><subfield code='b'>.S699 1983</subfield></datafield><datafield ind1='0' ind2='0' tag='082'><subfield code='a'>089/.951</subfield><subfield code='2'>19</subfield></datafield><datafield ind1='0' ind2=' ' tag='130'><subfield code='6'>880-01</subfield><subfield code='a'>Si ku quan shu.</subfield></datafield><datafield ind1='1' ind2='0' tag='245'><subfield code='6'>880-02</subfield><subfield code='a'>Ying yin Wen yuan ge Si ku quan shu.</subfield></datafield><datafield ind1=' ' ind2=' ' tag='260'><subfield code='6'>880-03</subfield><subfield code='a'>[Taipei] :</subfield><subfield code='b'>Taiwan shang wu yin shu guan,</subfield><subfield code='c'>[1983-1986]</subfield></datafield><datafield ind1=' ' ind2=' ' tag='300'><subfield code='a'>1500 v. :</subfield><subfield code='b'>ill. ;</subfield><subfield code='c'>28 cm.</subfield></datafield><datafield ind1=' ' ind2=' ' tag='500'><subfield code='a'>Reprinted from the collection of Guo li gu gong bo wu guan.</subfield></datafield><datafield ind1=' ' ind2=' ' tag='500'><subfield code='a'>Each page represents 2 leaves of the original.</subfield></datafield><datafield ind1=' ' ind2=' ' tag='500'><subfield code='a'>Includes Si ku quan shu zong mu ti yao, Si ku quan shu jian ming mu lu, Si ku quan shu kao zheng, and indexes.</subfield></datafield><datafield ind1='2' ind2=' ' tag='710'><subfield code='6'>880-04</subfield><subfield code='a'>Wen yuan ge (China)</subfield></datafield><datafield ind1='0' ind2='2' tag='730'><subfield code='a'>Si ku quan shu zong mu ti yao.</subfield></datafield><datafield ind1='0' ind2='2' tag='730'><subfield code='a'>Si ku quan shu jian ming mu lu.</subfield></datafield><datafield ind1='0' ind2='2' tag='730'><subfield code='a'>Si ku quan shu kao zheng.</subfield></datafield><datafield ind1='0' ind2=' ' tag='740'><subfield code='a'>Wen yuan ge Si ku quan shu.</subfield></datafield><datafield ind1='1' ind2=' ' tag='787'><subfield code='w'>3478898</subfield></datafield><datafield ind1='0' ind2=' ' tag='880'><subfield code='6'>130-01/$1</subfield><subfield code='a'>四庫全書.</subfield></datafield><datafield ind1='1' ind2='0' tag='880'><subfield code='6'>245-02/$1</subfield><subfield code='a'>景印文淵閣四庫全書.</subfield></datafield><datafield ind1=' ' ind2=' ' tag='880'><subfield code='6'>260-03/$1</subfield><subfield code='a'>[Taipei] :</subfield><subfield code='b'>臺灣商務印書館,</subfield><subfield code='c'>[1983-1986]</subfield></datafield><datafield ind1='2' ind2=' ' tag='880'><subfield code='6'>710-04/$1</subfield><subfield code='a'>文淵閣 (China)</subfield></datafield><datafield ind1=' ' ind2=' ' tag='946'><subfield code='a'>3861539</subfield></datafield><datafield ind1=' ' ind2=' ' tag='987'><subfield code='a'>PINYIN</subfield><subfield code='b'>OCoLC</subfield><subfield code='c'>20030528</subfield><subfield code='d'>c</subfield></datafield><datafield ind1=' ' ind2=' ' tag='994'><subfield code='a'>02</subfield><subfield code='b'>PUL</subfield></datafield><datafield ind1='0' ind2=' ' tag='852'><subfield code='0'>4162824</subfield><subfield code='b'>rcppa</subfield><subfield code='h'>AC149</subfield><subfield code='i'>.S699 1983</subfield><subfield code='x'>tr fr gest cjk</subfield><subfield code='z'>For holdings information and circulation status, see records for individual titles.</subfield></datafield><datafield ind1='0' ind2=' ' tag='852'><subfield code='0'>4223559</subfield><subfield code='b'>cref</subfield><subfield code='h'>AC149</subfield><subfield code='i'>.S699 1983 Index</subfield></datafield></record>
</collection>
